2086 3464
193 200 283 240 506
798 209 1022 242 THOMAS
1046 210 1401 244 CAMPANELLA

193 369 391 408 affirmat
430 368 796 423 “propriissime''
835 369 1040 423 Sibyllam
1080 370 1364 424 descripsisse
1401 372 1716 412 vaticinantem
1756 373 2007 414 “subeunte

193 434 376 474 diabolo
415 467 423 474 .
441 467 450 474 .
467 467 476 474 .
513 448 617 474 cum
653 436 856 489 corporis
892 437 1217 484 commotione,
1253 436 1524 477 distorsione
1559 438 1650 477 oris
1685 446 1732 478 et
1765 439 2006 479 inconditis

193 500 406 541 actibus.’'
434 500 572 541 Ulixis
597 502 744 541 socios
770 502 817 541 in
842 501 972 556 lupos
998 510 1044 542 et
1067 503 1114 542 in
1139 502 1242 543 alias
1266 503 1429 543 bestias
1455 512 1651 544 mutatos
1675 505 1922 559 Vergilium
1946 506 2008 546 ait

194 581 424 608 revocasse
453 567 526 619 (cf.
554 568 638 608 Ecl.
669 565 784 617 8.70;
811 569 914 608 Aen.
945 566 1166 620 7.15-20).
1195 569 1433 610 Salmonea
1459 570 1633 611 inducit
1659 571 1777 611 faces
1805 572 2008 613 incensas

192 635 432 674 iacientem
452 635 566 674 Iovis
587 635 775 675 fulmina
794 635 1079 676 simulantem
1099 636 1173 687 (cf.
1192 638 1295 676 Aen.
1317 637 1555 688 6.585-91)
1574 638 1862 693 adnectitque
1884 639 2008 680 “non

192 701 407 741 imitabile
429 701 603 741 fulmen
624 734 633 741 .
650 734 659 741 .
676 734 685 741 .
709 715 791 741 nos
811 703 1041 742 imitamur
1058 694 1403 743 bombardis.”¹⁷

260 767 387 822 Quid
407 767 555 822 plura?
573 768 717 808 Tanta
736 767 1034 808 admiratione
1055 777 1266 824 tantaque
1288 771 1536 810 reverentia
1551 770 1799 825 Vergilium
1819 771 2008 812 Calaber

194 834 491 890 philosophus
514 843 582 875 est
603 843 868 889 prosecutus
890 843 941 875 ut
961 836 1057 875 eius
1080 836 1322 876 sententias
1344 836 1580 877 nonnullas
1602 836 1660 877 de
1683 851 1730 877 re
1753 837 2009 893 theologica

192 916 283 942 una
300 916 405 942 cum
424 902 656 942 sententiis
676 901 891 943 similibus
910 916 960 943 ac
978 903 1330 958 congruentibus
1349 904 1566 944 Ieremiae
1584 912 1631 945 et
1647 905 1784 945 Isaiae
1803 913 1849 946 et
1867 905 2008 946 David

193 978 239 1010 et
255 969 508 1010 Salomonis
526 978 573 1009 et
590 970 802 1010 Lactantii
822 978 868 1010 et
883 970 1109 1010 Ambrosii
1129 979 1174 1010 et
1190 972 1426 1026 Augustini
1445 979 1491 1011 et
1508 971 1721 1012 Ioachimi
1741 972 1799 1012 de
1817 972 1945 1013 Flora
1960 981 2008 1013 et

193 1037 346 1076 Iustini
380 1044 427 1076 et
456 1036 661 1076 Thomae
693 1037 927 1090 Aquinatis
960 1038 1165 1090 proferre
1198 1051 1292 1077 non
1323 1037 1603 1086 dubitaverit,
1636 1046 1687 1078 ut
1717 1047 1821 1079 ante
1853 1039 2006 1093 scripsi

192 1095 519 1156 ostendique.¹⁸

259 1168 357 1209 Alia
388 1168 613 1224 quaedam
646 1183 872 1224 perpauca
903 1183 928 1209 e
964 1170 1209 1225 Theologicis
1241 1169 1515 1225 deprompta
1546 1184 1664 1211 nunc
1698 1170 1806 1211 mihi
1839 1171 2008 1212 addere

193 1237 334 1277 liceat.
359 1237 460 1277 Una
482 1250 586 1277 cum
610 1237 754 1277 Dante
778 1237 917 1277 semel
939 1246 1073 1292 atque
1096 1238 1260 1278 iterum
1281 1237 1479 1278 Thomas
1503 1247 1727 1279 memorat
1746 1239 2006 1294 Vergilium.

194 1304 260 1343 De
279 1303 404 1344 malis
422 1303 589 1343 artibus
606 1303 760 1343 dicens
777 1304 1044 1344 vocabulum
1063 1304 1212 1344 “doli'’
1231 1304 1392 1344 eadem
1410 1305 1738 1359 significatione
1755 1305 2007 1346 adhibitum

192 1371 390 1410 affirmat
415 1379 461 1410 et
485 1371 532 1410 in
554 1371 735 1410 Aeneide
761 1379 807 1410 et
831 1371 878 1410 in
904 1370 1075 1425 psalmo
1102 1371 1302 1425 quodam
1329 1371 1401 1422 (cf.
1427 1373 1530 1411 Aen.
1558 1372 1672 1420 2.34;
1697 1373 1762 1412 Ps.
1795 1372 1890 1420 104,
1917 1372 2006 1423 25).

193 1437 324 1491 Quae
348 1438 405 1477 sit
426 1437 505 1477 otii
532 1446 690 1477 natura
711 1437 927 1491 indagans
951 1437 1008 1477 ad
1028 1437 1275 1491 Vergilium
1298 1438 1359 1477 ita
1382 1438 1510 1478 redit:
1536 1438 1575 1478 “.
1592 1471 1601 1478 .
1617 1471 1626 1478 .
1651 1439 1830 1478 ociosus
1853 1447 1921 1479 est
1944 1471 1953 1479 .
1971 1471 1980 1479 .
1996 1471 2006 1479 .

193 1504 328 1543 etiam
346 1504 421 1558 qui
441 1503 581 1543 multa
596 1512 824 1558 operatur,
842 1503 923 1543 sed
938 1517 1054 1558 quae
1073 1518 1166 1544 non
1182 1512 1286 1544 sunt
1301 1504 1453 1544 debita
1468 1513 1514 1544 et
1528 1504 1653 1544 utilia
1669 1504 1830 1545 relictis
1845 1505 2008 1545 debitis

192 1570 479 1626 utilibusque.
516 1571 586 1610 Sic
619 1579 804 1610 vocatur
836 1571 1012 1611 Aeneas
1048 1571 1220 1611 otiosus
1255 1571 1377 1626 apud
1410 1571 1644 1626 Virgilium
1679 1571 1790 1612 dum
1826 1572 2009 1612 moenia

193 1637 475 1692 Chartaginis
495 1646 542 1678 et
562 1651 656 1678 non
675 1638 848 1678 Romae
867 1637 1019 1678 curat'‘
1041 1638 1114 1690 (cf.
1133 1639 1237 1679 Aen.
1258 1636 1402 1680 4271:
1424 1638 1463 1679 “.
1480 1671 1489 1679 .
1506 1671 1515 1679 .
1536 1647 1613 1679 aut
1631 1652 1721 1693 qua
1739 1652 1819 1693 spe
1840 1639 2008 1694 Libycis

194 1705 298 1744 teris
346 1705 439 1744 otia
487 1704 666 1744 terris”?
712 1704 995 1744 Adiectivum
1044 1704 1272 1744 “otiosus''
1322 1719 1570 1759 numquam
1616 1706 1840 1745 invenitur
1886 1705 2008 1760 apud

191 1770 471 1825 Vergilium).
501 1771 553 1810 Et
580 1770 702 1825 apud
727 1770 974 1825 Vergilium
1002 1771 1278 1825 quandoque
1305 1780 1351 1811 et
1377 1772 1424 1811 in
1451 1772 1591 1811 Sacris
1620 1772 1794 1811 Litteris
1820 1771 2008 1812 verbum

194 1837 445 1878 “faciendi''
480 1837 603 1878 idem
635 1837 780 1878 valere
814 1845 933 1878 ratus
966 1846 1034 1878 est
1065 1851 1115 1878 ac
1148 1837 1467 1878 “sacrificare''
1500 1838 1686 1878 Veteres
1718 1837 2008 1878 considerans

194 1904 492 1959 philosophos
510 1905 585 1959 qui
605 1904 941 1945 contenderunt
959 1904 998 1944 “.
1016 1937 1024 1945 .
1041 1938 1049 1945 .
1069 1904 1376 1945 indesinenter
1395 1905 1512 1945 nasci
1531 1913 1578 1945 et
1595 1905 1709 1945 mon‘
1730 1904 1939 1946 mundos.
1956 1937 1965 1946 .
1982 1919 2006 1954 .;

221 2005 229 2012 .
247 2005 255 2012 .
286 1972 470 2012 interire
500 1980 547 2012 et
576 1972 744 2012 renasci
775 1986 831 2012 ex
861 1972 998 2012 ruinis
1027 1972 1350 2012 intereuntium
1381 1971 1658 2012 mundorum
1782 1971 2006 2012 mundos”

193 2040 436 2079 sententias
457 2053 548 2079 una
569 2040 786 2093 proponit
807 2048 853 2079 et
869 2040 1132 2079 Ecclesiastae
1153 2039 1226 2090 (cf.
1250 2040 1324 2079 1:9:
1348 2039 1486 2079 “nihil
1506 2039 1589 2079 sub
1610 2039 1703 2079 sole
1726 2039 1941 2091 novum’')
1962 2048 2009 2079 et

192 2105 372 2160 Vergilii
390 2106 463 2157 (cf.
477 2106 562 2146 Ecl.
578 2106 693 2146 436:
711 2106 874 2160 “atque
889 2107 1053 2146 iterum
1068 2106 1125 2146 ad
1137 2107 1319 2146 Troiam
1336 2120 1523 2161 magnus
1539 2107 1740 2146 mittetur
1752 2105 2006 2157 Achilles'').

192 2174 231 2212 A
253 2172 394 2212 David
416 2172 711 2227 “prophetice
732 2174 937 2212 intuente
959 2182 1009 2212 ut
1029 2174 1281 2227 praesentia
1300 2187 1416 2227 quae
1437 2182 1566 2213 erant
1585 2172 1762 2213 futura''
1784 2173 1842 2213 ad
1861 2173 2011 2227 Vergi-

276 2383 305 2406 ¹⁷
328 2390 539 2424 Tommaso
564 2390 826 2437 Campanella,
849 2390 976 2437 Magia
1001 2401 1019 2424 e
1038 2391 1160 2437 grazia
1186 2390 1258 2431 cit„
1283 2390 1343 2431 90,
1369 2390 1429 2431 98,
1455 2390 1541 2431 222;
1564 2390 1617 2424 De
1639 2390 1797 2423 remediis
1821 2390 2006 2423 malorum:

192 2444 520 2490 Theologicorum
536 2445 634 2478 liber
648 2444 749 2478 XVII
765 2456 787 2478 a
802 2456 894 2478 cura
909 2445 947 2478 di
964 2444 1007 2478 R.
1022 2445 1183 2478 Amerio
1198 2445 1348 2487 (Romaz
1365 2444 1512 2478 Centro
1526 2444 1827 2478 internazionale
1843 2444 1882 2478 di
1898 2444 2008 2478 studi

193 2496 429 2538 Umanistici,
452 2495 577 2541 1975),
600 2495 682 2531 178.

276 2549 305 2571 ¹⁸
330 2556 505 2591 Thomae
532 2556 806 2604 Campanellae
833 2556 1010 2604 Stylensis
1037 2556 1121 2591 ord.
1149 2556 1281 2591 Praed.
1311 2556 1525 2591 Universalis
1547 2555 1791 2604 philosophiae
1812 2566 1874 2590 seu
1897 2555 2008 2591 Meta-

189 2611 411 2659 physicarum
439 2621 552 2645 rerum
582 2611 680 2645 iuxta
704 2611 849 2659 propria
876 2611 1040 2659 dogmata
1064 2615 1179 2659 partes
1206 2617 1276 2653 tres,
1307 2611 1387 2645 libri
1417 2611 1465 2645 18
1489 2610 1664 2655 (Parisiis,
1693 2610 2007 2652 MDCXXXVIII;

194 2678 325 2701 rursus
348 2667 472 2701 edidit
493 2667 537 2701 A.
562 2667 686 2714 Firpo,
708 2667 866 2701 Torino:
890 2666 1050 2714 Bottega
1073 2667 1282 2708 d'Erasmo,
1309 2666 1432 2710 1961),
1455 2667 1490 2708 3,
1518 2666 1662 2708 14ε143ς
1689 2665 1834 2707 15:170;
1861 2664 2007 2707 17:237;

197 2721 343 2762 18:250;
356 2721 508 2756 Articuli
518 2721 735 2769 prophetales
750 2721 822 2762 cit.,
838 2719 975 2762 87-88;
988 2721 1042 2755 La
1053 2721 1171 2768 prima
1186 2732 1204 2755 e
1217 2721 1252 2755 la
1264 2721 1412 2755 secondo
1426 2721 1666 2755 resuffezione:
1680 2720 2007 2768 Theologicorum

193 2775 278 2809 libri
301 2775 438 2810 XXVII
462 2783 502 2809 et
523 2775 678 2809 XXVIII
701 2787 722 2809 a
745 2787 837 2809 cura
859 2775 897 2809 di
921 2775 963 2809 R.
986 2775 1147 2809 Amerio
1169 2775 1319 2819 (Romaz
1343 2775 1490 2809 Centro
1512 2775 1812 2809 internazionale
1835 2774 1874 2809 di
1897 2774 2007 2809 Studi

194 2829 429 2870 Umanistici,
459 2829 582 2873 1955),
607 2828 731 2870 27:36,
757 2829 816 2870 68,
842 2828 901 2870 70;
925 2829 1074 2870 28:1823
1099 2829 1244 2876 Origine
1266 2829 1451 2876 temporale
1471 2829 1510 2862 di
1534 2829 1656 2862 Cristo:
1680 2828 2006 2876 Theologicorum

193 2884 291 2917 liber
303 2883 390 2917 XIX
403 2895 425 2917 a
438 2895 530 2917 cura
543 2883 582 2917 di
596 2883 802 2917 R.Amerio
815 2883 966 2927 (Roman
980 2883 1128 2917 Centro
1140 2883 1440 2917 internazionale
1454 2883 1493 2917 di
1507 2883 1616 2916 Studi
1629 2882 1865 2924 Umanistici,
1883 2881 2007 2926 1972),

198 2937 280 2977 102,
303 2937 385 2978 1283
401 2937 720 2983 Metaphysicarum
739 2947 851 2970 rerum
872 2963 880 2970 .
895 2963 903 2970 .
919 2963 926 2970 .
945 2937 1017 2977 cit.,
1036 2937 1070 2977 3,
1093 2936 1340 2977 16:200-201;
1355 2936 1483 2983 Magia
1500 2947 1519 2970 e
1531 2936 1653 2983 grazia
1671 2936 1743 2977 cit„
1761 2935 1822 2976 98;
1839 2935 2008 2970 Εςσαεοὶο-

190 2990 263 3037 gia:
284 2990 613 3037 Theologicorum
634 2990 719 3024 libri
740 2989 862 3024 XXIX
883 2997 922 3024 et
942 2989 1046 3024 XXX
1066 3001 1088 3023 a
1108 3001 1199 3024 cura
1220 2990 1258 3024 di
1281 2989 1323 3024 R.
1344 2989 1516 3030 Amerio,
1537 2989 1560 3024 2
1581 2989 1666 3023 voli.
1687 2989 1838 3033 (Romaz
1860 2988 2008 3023 Centro

194 3045 495 3079 internazionale
514 3045 553 3079 di
572 3045 681 3079 Studi
700 3044 935 3086 Umanistici,
958 3044 1081 3088 1969),
1104 3045 1187 3079 1:46
1205 3052 1276 3079 etc.
