2106 3458
221 214 311 254 820
818 221 1145 265 ANTlQmTAs
1169 221 1437 253 SUPERATA

222 382 370 436 primo
390 395 496 421 usus
515 388 624 430 erat,
644 394 748 421 cum
768 380 1009 421 concilium
1029 380 1236 430 deorum,
1256 381 1326 421 cui
1347 381 1557 421 Summus
1574 381 1756 421 Tonans
1774 382 2036 422 vaticinatur

222 449 312 489 fata
347 441 616 497 Columbi,4⁰
653 448 859 503 fingeret.
897 448 999 488 Hoc
1035 447 1137 488 loco
1175 456 1311 503 poeta
1345 447 1513 488 indicat
1547 448 1873 503 antiquitatem,
1909 449 2035 489 cuius

222 529 465 571 personam
491 514 675 555 Alvarus
702 514 774 555 ille
802 515 929 570 gerit,
958 529 985 555 a
1011 515 1110 555 Deo
1138 514 1497 555 Christianorum
1526 516 1793 570 navigationi
1823 515 2034 556 Columbi

222 582 423 637 propitio
460 582 675 636 superari,
712 581 910 636 ideoque
946 595 1053 621 eum
1089 582 1241 622 Iovem
1276 582 1531 622 Tonantem
1567 595 1828 637 nuncupare
1866 583 2034 637 nequit.

222 650 377 703 Quare
396 662 422 688 e
440 649 658 688 Trinitate
677 648 835 688 Divina
853 647 925 687 hic
944 647 1194 687 Columbus
1212 648 1426 702 Spiritum
1445 649 1656 688 Sanctum
1674 656 1788 697 oret,
1807 656 1859 688 ut
1874 649 2035 698 veniat,

222 715 339 755 duae
372 722 477 755 sunt
507 728 680 755 causae:
714 715 872 769 prima,
905 713 1031 769 quod
1063 728 1147 769 pro
1179 722 1446 769 tempestate
1476 708 1767 769 Vergiliana⁴¹
1801 723 2036 770 torporem

223 782 356 823 maris
378 781 553 822 inducit
574 781 808 822 seditionis
831 789 1012 836 apertae
1035 795 1228 830 causam,
1251 795 1389 836 quem
1411 789 1647 836 torporem
1669 782 1744 836 qui
1769 781 1894 822 tollat
1915 781 2035 823 solus

222 849 416 890 idoneus
435 857 503 889 est
521 848 652 889 flatus
671 849 859 903 Spiritus
877 849 1039 898 Sancti;
1058 847 1208 897 altera,
1227 848 1354 903 quod
1372 848 1661 889 similitudine
1681 849 1877 889 nominis
1896 849 2036 890 fretus

224 930 318 957 non
355 916 502 956 solum
540 929 823 971 praenomen
859 915 1175 970 Christophon'
1214 929 1298 970 pro
1335 916 1490 956 omine
1527 915 1746 964 habuerit,
1784 916 1865 956 sed
1900 917 2037 956 etiam

224 997 395 1023 nomen
422 982 589 1037 gentile
617 982 875 1022 columbam
903 982 1049 1021 Sancti
1078 982 1265 1036 Spiritus
1294 982 1507 1030 referens,
1536 983 1606 1022 cui
1636 982 1826 1036 quadrat
1852 996 2037 1037 quoque

224 1063 395 1090 nomen
417 1048 611 1090 “Ionae”
633 1048 701 1089 vel
721 1048 973 1089 Columbae
994 1040 1299 1104 prophetae.⁴²

291 1116 433 1172 Quod
458 1116 546 1157 hoc
570 1116 673 1157 loco
698 1115 1043 1165 observavimus,
1068 1116 1380 1171 antiquitatem
1405 1116 1603 1171 superari
1630 1129 1656 1156 a
1679 1115 2035 1166 Christianismo,

223 1198 356 1224 causa
383 1198 480 1224 esse
509 1197 694 1238 quoque
721 1183 910 1232 videtur,
939 1197 1019 1223 cur
1047 1183 1235 1223 Carrara
1262 1182 1317 1223 ab
1346 1182 1525 1238 reliquis
1554 1183 1700 1237 poetis
1728 1182 2038 1224 Columbianis

223 1250 425 1305 quodam
455 1250 597 1290 modo
626 1250 809 1290 differat
835 1250 883 1290 in
911 1249 1216 1290 describendis
1246 1250 1347 1289 novi
1378 1249 1499 1289 orbis
1526 1249 1696 1289 incolis.
1726 1250 1819 1290 Iam
1848 1250 2038 1290 feminas

223 1318 415 1372 Magnae
452 1317 670 1357 Canariae
707 1316 922 1356 Ovidium
958 1309 1195 1356 imitatus⁴¹³
1232 1316 1345 1356 libro
1382 1316 1582 1356 secundo
1619 1324 1783 1356 ornatu
1818 1315 2037 1357 Bacchico

222 1384 468 1424 vestiverat.
492 1384 543 1424 In
564 1383 653 1424 hoc
676 1391 802 1423 sexto
825 1382 939 1423 libro
961 1391 1199 1438 apparatus
1221 1382 1293 1423 ille
1316 1383 1523 1438 antiquus
1547 1383 1686 1438 magis
1707 1383 1755 1423 in
1775 1391 1934 1439 aperto
1957 1391 2037 1424 est:

222 1451 475 1492 Adiuvante
501 1452 668 1507 Spiritu
694 1452 871 1500 Sancto,
898 1452 1024 1491 cuius
1051 1450 1180 1491 flatus
1208 1451 1352 1491 nautis
1379 1464 1462 1506 pro
1490 1450 1699 1506 prodigio
1726 1459 1806 1500 est,
1833 1451 1918 1491 iter
1944 1464 2040 1506 per-

223 1526 380 1574 gentes
405 1518 488 1559 sub
514 1519 623 1559 mari
649 1518 751 1559 sitas
777 1518 926 1559 ruinas
949 1518 1132 1559 civitatis
1158 1531 1346 1573 magnae
1368 1517 1534 1567 vident,
1558 1531 1694 1573 quam
1719 1518 1925 1573 Ergastus
1948 1518 2041 1573 qui-

223 1586 329 1626 dam
355 1600 435 1626 eos
461 1585 598 1626 docet
622 1599 719 1626 esse
744 1585 1020 1625 Atlantidem
1046 1585 1319 1625 Platonicam
1345 1585 1566 1625 civitatem
1591 1584 1700 1624 olim
1726 1593 1772 1624 et
1795 1584 1967 1639 legibus
1992 1593 2039 1625 et

223 1653 390 1692 iustitia
414 1652 758 1692 ornatissimam.
784 1651 891 1691 Non
914 1665 1019 1691 casu
1043 1651 1127 1690 hae
1154 1652 1308 1690 ruinae
1333 1651 1530 1705 speciem
1554 1650 1782 1705 quandam
1807 1651 2038 1690 ruinarum

224 1719 397 1759 Romae
422 1732 530 1773 prae
554 1732 601 1758 se
626 1719 791 1766 ferunt,
815 1717 929 1758 illius
953 1717 1056 1758 dico
1081 1718 1266 1766 Romae,
1292 1731 1407 1772 quae
1431 1717 1492 1757 ob
1516 1717 1772 1772 superbiam
1797 1731 2038 1772 moresque

224 1785 405 1826 Christo
428 1793 731 1840 repugnantes
751 1785 984 1825 corruerit:

427 1886 668 1941 Quaedam
688 1894 824 1926 strata
843 1885 955 1935 solo,
976 1885 1199 1940 quaedam
1220 1885 1428 1925 inclinata
1447 1885 1652 1925 iacebant

427 1954 673 2008 Fragmina,
695 1953 1013 2008 spirabantque
1034 1961 1186 1992 tamen
1205 1952 1273 1992 vel
1294 1953 1508 2007 naufraga
1528 1953 1704 1992 fastum.

425 2019 532 2060 Tale
553 2019 663 2074 quid
683 2019 924 2060 adveniens
945 2019 1179 2059 dominam
1201 2032 1341 2059 novus
1361 2018 1512 2059 accola
1530 2019 1723 2059 Romam

426 2087 598 2141 Aspicit
617 2087 664 2126 in
684 2086 843 2135 Cavea,
866 2085 1079 2126 frendens
1100 2086 1174 2126 ubi
1197 2099 1373 2126 carcere
1394 2099 1535 2126 coeco

426 2154 569 2209 Tigris
590 2162 698 2203 erat,
720 2154 849 2209 patn‘i
873 2154 1084 2203 nemoris,
1107 2154 1319 2208 rupisque
1341 2152 1518 2193 relictae

427 2222 608 2261 Saevior
628 2221 775 2261 exilio:
797 2220 946 2261 donec
966 2229 1196 2276 spectante
1216 2221 1382 2260 Senatu

428 2288 666 2328 Pascerent
685 2288 886 2327 humano
898 2288 1072 2342 jejunia
1091 2287 1225 2342 longa
1244 2301 1419 2335 cruore,

428 2355 480 2394 Et
500 2368 580 2394 sua
600 2354 818 2394 terribiles
839 2354 1117 2409 trepidarent
1136 2353 1299 2409 gaudia
1318 2354 1460 2402 Cives;

426 2422 486 2462 At
506 2435 626 2462 nunc
648 2420 768 2462 mole
790 2421 1034 2470 ruinarum,
1056 2421 1095 2461 8c
1115 2420 1336 2476 squallore
1356 2419 1555 2461 verendo

428 2488 651 2530 Obruitur
670 2489 808 2530 decus
829 2489 1078 2544 antiquum,
1099 2497 1184 2529 stat
1204 2487 1383 2544 pensilis
1404 2487 1567 2529 horror

427 2557 678 2598 Semirutae
700 2557 952 2612 majestatis,
975 2556 1225 2612 titubatque
1244 2564 1436 2597 vetustas

428 2625 596 2666 Casum
618 2625 735 2665 ferre
755 2638 948 2680 gravem:
971 2623 1222 2679 spectacula
1242 2624 1385 2679 prisca
1404 2624 1635 2678 requirens

306 2877 338 2900 ⁴⁰
356 2884 434 2932 Op.
452 2884 526 2926 cit„
548 2885 580 2926 l,
598 2884 736 2926 21-23,
754 2896 786 2918 v.
805 2882 993 2918 379-469.

306 2937 335 2959 ⁴¹
355 2943 446 2991 Qua
462 2955 555 2978 usus
574 2951 633 2978 est
649 2943 749 2978 libro
767 2943 907 2991 primo,
925 2955 990 2991 op.
1009 2943 1081 2984 cit„
1103 2942 1149 2977 18
1167 2955 1234 2991 sq.,
1251 2955 1283 2977 v,
1302 2942 1376 2977 308
1394 2954 1476 2990 sqq.

306 2996 338 3018 ⁴²
356 3002 415 3036 Cf.
434 3002 638 3049 epistolam
657 3002 839 3036 Columbi
857 3002 963 3048 apud
980 3001 1346 3048 Heydenreichium,
1365 3012 1429 3048 op.
1448 3001 1508 3034 cit.
1526 3001 1586 3044 (A.
1605 3000 1682 3044 29),
1704 3000 1786 3034 158.

306 3054 338 3075 ⁴³
354 3060 413 3094 Cf.
431 3060 645 3100 Carraram,
663 3071 727 3106 op.
745 3059 817 3100 cit„
839 3060 870 3100 1,
887 3059 1024 3099 33-34,
1041 3070 1072 3092 V.
1094 3057 1240 3094 122-78
1258 3066 1297 3092 et
1312 3058 1439 3092 Ovidii
1457 3058 1613 3092 Metam.
1631 3058 1666 3091 3.
1683 3058 1754 3092 511
1774 3069 1856 3104 sqq;
1873 3058 1909 3091 4.
1929 3057 2037 3092 1-32.
