2106 3458
207 222 296 262 642

494 229 969 262 BARTHOLOMAEUS
994 228 1367 262 COLONIENSIS:
1393 229 1513 261 Two
1538 229 1727 261 FABLES

409 389 545 429 Hisce
566 388 752 443 quidem
772 387 922 428 uerbis
942 402 1201 428 sermonem
1220 388 1353 428 belua
1371 388 1526 428 clausit

477 455 529 495 Et
549 455 690 495 finem
710 455 928 509 imposuit
945 454 1188 494 blanisonis
1208 454 1427 509 precibus.

410 521 547 562 Haud
568 535 696 562 mora
717 520 967 561 nocticolor
986 535 1150 561 coruus
1170 522 1379 576 prorupit
1396 522 1444 561 in
1463 520 1595 561 hasce

475 589 634 629 Voces:
658 588 916 629 “Blanditiis
938 602 1032 629 non
1051 602 1138 644 ego
1159 588 1297 629 credo
1318 589 1417 629 tuis:
1760 589 1816 629 80

410 656 624 697 Faucibus
645 664 713 696 est
730 655 920 696 blandus
941 655 1021 696 sed
1040 655 1183 696 cauda
1202 670 1361 696 saeuus
1382 656 1557 696 adunca

477 723 701 778 Scorpius,
723 722 882 763 hamus
902 723 1019 763 inest
1038 722 1354 777 mellifen'sque
1375 722 1545 777 apibus.

409 790 661 845 Aequoreis
682 789 875 844 scopulis
895 790 1089 844 impacta
1108 797 1176 829 est
1194 803 1395 829 concaua
1414 790 1577 844 puppis

478 856 635 897 Dulcia
653 857 861 896 Sirenum
881 856 1079 896 carmina
1098 869 1214 910 quae
1235 856 1375 910 petiit.

411 923 572 964 Fistula
590 923 824 964 dulcisona
842 931 911 963 est
930 923 1144 963 miserum
1164 936 1254 977 qua
1272 922 1454 963 callidus
1474 936 1638 977 auceps

477 990 679 1031 Alituum
700 989 860 1044 uulgus
881 989 1046 1044 pellicit
1065 990 1112 1029 in
1131 989 1329 1044 laqueos.

411 1057 503 1111 Qui
523 1056 735 1096 blandam
755 1056 941 1110 uulpem
961 1069 1195 1096 caecarum
1216 1055 1327 1095 retia
1346 1055 1556 1095 fraudum

477 1123 650 1163 Texere
671 1122 942 1170 subdubitat,
965 1130 1117 1162 mente
1137 1135 1289 1162 carere
1310 1129 1422 1176 puto
1443 1120 1605 1161 hunc.'’

411 1190 510 1230 Hos
530 1189 606 1230 ubi
628 1203 861 1229 sermones
882 1189 1054 1244 accepit
1073 1187 1262 1229 subdola
1280 1187 1453 1243 uulpes,

479 1257 704 1312 Ingemuit
723 1255 1026 1311 querulosque
1048 1255 1190 1296 edidit
1209 1269 1289 1296 ore
1310 1269 1459 1296 sonos.
1762 1255 1818 1295 90

413 1324 516 1365 “Me
539 1325 747 1365 miseram
768 1323 995 1364 insimulas
1017 1322 1226 1364 fraudum
1247 1331 1293 1364 et
1313 1337 1385 1364 me
1407 1331 1558 1364 texere
1580 1331 1674 1363 rete

479 1391 660 1433 Fraudis
681 1392 756 1440 ais,
778 1405 1052 1446 quamquam
1074 1405 1200 1431 mens
1222 1405 1323 1431 mea
1343 1390 1500 1431 fraude
1520 1399 1653 1431 caret.

413 1460 466 1499 Di
490 1459 597 1499 mihi
620 1460 708 1499 sint
728 1467 861 1498 testes
882 1458 1008 1513 quod
1029 1471 1155 1498 mens
1177 1471 1278 1498 mea
1298 1458 1446 1497 nescia
1466 1457 1675 1497 fraudum
1696 1465 1776 1505 est,

480 1525 721 1566 Occultant
741 1525 912 1565 nullum
933 1525 1059 1579 quod
1080 1539 1181 1565 mea
1200 1525 1340 1564 uerba
1358 1524 1528 1564 dolum.

413 1592 555 1648 Quod
576 1593 691 1647 fugis
712 1591 923 1632 inbellem
943 1591 1142 1646 uulpem,
1166 1592 1405 1631 fortissime
1426 1605 1578 1639 corue,

480 1660 641 1712 (Venia
660 1660 716 1700 sit
734 1659 876 1711 dicto)
896 1668 964 1699 est
983 1659 1180 1699 dedecus
1201 1658 1499 1714 atquepudor.

413 1727 550 1767 Haud
570 1740 658 1780 ego
679 1727 878 1766 letiferos
898 1734 1040 1780 gesto,
1062 1734 1112 1765 ut
1129 1726 1368 1773 basiliscus,
1389 1725 1569 1765 ocellos.

480 1793 599 1841 Non,
621 1801 672 1832 ut
689 1792 772 1832 bos
794 1800 964 1840 toruus,
986 1805 1157 1832 cornua
1176 1791 1350 1831 adunca
1369 1804 1492 1846 gero.

413 1860 519 1900 Non
539 1860 662 1899 uirus
682 1867 810 1913 gesto
831 1858 914 1898 sub
934 1858 1097 1913 lingua,
1119 1866 1169 1898 ut
1188 1871 1426 1912 squameus
1446 1858 1616 1911 anguis,

480 1926 575 1966 Nec
597 1934 793 1966 mortem
813 1925 968 1973 cauda,
990 1933 1040 1965 ut
1059 1925 1274 1979 scorpius,
1295 1925 1479 1964 incutio.
1738 1923 1820 1963 100

415 1993 620 2033 Calcibus
641 1992 763 2033 haud
783 1993 912 2041 ferio,
933 2001 984 2032 ut
1003 1993 1197 2046 sonipes,
1220 2005 1302 2032 nec
1323 2005 1410 2046 ego
1431 1991 1655 2046 unguibus
1675 1991 1800 2031 uncis

482 2059 697 2100 Bestiolas
719 2060 917 2099 nemoris
937 2073 1096 2107 uenor,
1118 2067 1168 2099 ut
1187 2072 1289 2098 ursa
1309 2059 1448 2098 ferox.

414 2127 533 2175 Non,
555 2135 606 2166 ut
625 2140 746 2181 aper,
768 2127 898 2166 saetis
920 2140 1016 2174 nec,
1037 2134 1088 2165 ut
1107 2125 1282 2180 hystrix,
1304 2124 1487 2179 squaleo
1509 2125 1658 2179 spinis,

499 2194 595 2234 Nec
615 2201 743 2249 gesto
765 2193 928 2242 fauces,
949 2201 1000 2232 ut
1019 2192 1105 2241 leo,
1127 2193 1396 2232 carniuoras.

416 2261 557 2311 Escas,
578 2274 688 2316 quas
710 2260 817 2301 mihi
840 2261 932 2301 fors
953 2259 1153 2309 dederat,
1174 2260 1356 2315 gingiua
1374 2273 1461 2314 ego
1482 2259 1642 2299 inermi

483 2329 705 2378 Contriui,
728 2342 831 2369 nam
852 2328 964 2369 dens
986 2327 1130 2368 nullus
1149 2328 1197 2368 in
1216 2341 1296 2368 ore
1318 2328 1414 2368 fuit.

416 2396 691 2446 Denticulos,
712 2396 874 2452 quibus
894 2396 1184 2450 omniparens
1205 2403 1363 2435 natura
1380 2394 1534 2434 beauit

484 2478 571 2513 me,
593 2464 722 2504 tussis
742 2463 1008 2504 iamdudum
1029 2462 1198 2517 expulit
1217 2476 1297 2502 ore
1319 2475 1437 2502 meo.

417 2531 542 2586 Quid
562 2531 746 2571 metuis?
765 2530 904 2585 Quid,
924 2543 1076 2578 corue,
1097 2530 1211 2584 fugis
1231 2529 1519 2583 languentem
1538 2537 1584 2568 et
1600 2529 1821 2568 inermem

482 2597 676 2652 Vulpem
697 2610 813 2651 quae
834 2597 942 2637 texit
963 2597 1073 2636 retia
1094 2595 1212 2636 nulla
1231 2594 1372 2635 doli?”
1741 2593 1822 2634 110

417 2664 535 2704 Hinc
555 2663 715 2718 uulpes
735 2662 885 2703 uerbis
906 2663 1046 2703 finem
1066 2662 1283 2717 imposuit
1302 2661 1516 2716 labiisque

484 2730 686 2771 Occlusis
707 2731 856 2779 tacuit,
879 2743 1111 2770 murmura
1129 2743 1335 2784 quaeque
1357 2742 1579 2784 premens.

415 2799 543 2839 Tunc
564 2798 732 2838 Phoebi
754 2797 949 2838 uolucris
971 2796 1113 2837 furiali
1135 2797 1311 2836 concita
1329 2795 1417 2836 bile

485 2865 656 2905 Effudit
676 2864 782 2905 tales
803 2878 884 2904 ore
905 2871 1091 2903 tonante
1112 2877 1261 2903 sonos:

419 2932 552 2972 “Esto
573 2931 699 2986 quod
719 2943 935 2978 exermeS,
958 2929 1086 2970 fallax
1105 2929 1355 2984 uulpecula,
1377 2929 1526 2969 fauces

485 2999 658 3047 Gestes,
680 2999 735 3039 sit
754 3011 938 3053 quoque
958 2997 1070 3037 dens
1092 2996 1235 3037 nullus
1255 2997 1302 3037 in
1322 3010 1402 3037 ore
1424 3005 1517 3045 tuo,

417 3067 524 3107 Non
544 3075 697 3106 tamen
717 3074 784 3106 est
804 3073 950 3106 tutum
973 3064 1210 3104 fraudosae
1231 3063 1427 3104 lambere
1449 3064 1624 3104 faucem
