2106 3458
698 206 966 239 MAURiClo
990 206 1246 239 BEUCHOT
1781 198 1871 239 849

69 376 117 409 to
144 367 274 409 those
300 366 486 408 levelled
508 366 566 421 by
589 365 723 407 other
748 365 1015 407 humanistic
1040 365 1239 415 authors,
1265 365 1374 406 such
1399 379 1445 406 as
1471 364 1557 406 this
1584 365 1878 421 reprobation

69 434 216 476 found
233 435 282 475 in
301 434 404 475 Luis
421 433 588 474 Vives’s
605 433 809 474 Adversus
824 433 1219 488 pseudodialecticus:

136 534 232 575 Cur
267 547 372 574 cum
408 534 505 588 ipse
544 532 716 584 [Petrus
752 531 997 587 Hispanus]
1035 533 1383 587 suppositiones,
1420 539 1467 572 et
1502 532 1809 586 expositiones

136 599 311 641 illamm
346 599 725 647 enuntiationum,
760 606 895 653 atque
930 598 1096 639 horum
1131 597 1302 646 similia,
1338 611 1455 653 quae
1490 597 1728 638 traduntur
1762 598 1810 638 in

137 680 299 723 parum
314 665 586 722 logicalibus,
605 679 837 721 nunquam
852 679 879 705 a
894 665 1056 706 Boetio
1072 665 1308 720 acceperit,
1323 663 1587 705 Aristoteles
1602 665 1699 720 ipse
1716 678 1812 705 non

138 734 395 790 praecipiat,
417 741 509 773 tam
529 732 820 788 impudenter
838 731 912 772 illa
929 732 1213 781 confinxerit,
1233 739 1281 772 et
1300 731 1634 787 praescripserit
1654 745 1810 772 sensus

137 800 502 841 enuntiationum
525 807 683 840 contra
705 799 928 839 rationem
950 812 1138 839 omnem
1160 798 1382 839 sermonis
1404 797 1541 846 latini,
1564 811 1702 853 quem
1726 811 1810 839 nec

138 867 307 922 primis,
321 874 373 906 ut
385 865 542 906 dicunt
555 865 687 906 labris
700 873 910 920 gustarat,
926 878 1009 905 nec
1023 865 1209 905 summis
1222 864 1439 905 olfecerat
1452 864 1655 904 mribus?
1668 864 1810 905 Cuius

138 933 347 989 profecto
381 932 502 987 leges
535 945 666 972 verae
700 932 735 972 si
771 940 876 972 sunt
907 932 955 972 in
988 932 1226 980 Cicerone,
1259 931 1477 980 Varrone,
1512 930 1809 986 Quintiliano,

138 999 295 1049 Plinio,
319 999 496 1048 Boetio,
520 1007 567 1040 et
589 998 683 1039 aliis
706 998 863 1047 latinis,
888 998 1049 1039 latinae
1072 998 1302 1039 orationes
1324 998 1604 1047 innumerae,
1628 998 1676 1038 in
1697 998 1814 1039 Aris-

138 1066 291 1116 totele,
311 1066 510 1115 Platone,
529 1065 859 1121 Theophrasto,
879 1065 1128 1114 Carneade,
1148 1065 1415 1120 Chrysippo,
1435 1073 1482 1105 et
1499 1065 1659 1105 ceteris
1678 1065 1813 1106 Grae-

137 1135 213 1183 cis,
238 1147 439 1189 graecae,
466 1147 560 1174 non
583 1146 639 1173 ex
661 1133 800 1188 ipsius
825 1133 903 1181 rei,
929 1132 1009 1172 sed
1033 1146 1089 1173 ex
1110 1133 1296 1172 istarum
1320 1132 1700 1187 suppositionum,
1725 1145 1814 1172 am-

138 1199 420 1255 pliationum,
439 1200 776 1254 expositionum
793 1199 1073 1253 ignorantiae
1092 1198 1226 1239 falsae
1243 1198 1540 1246 invenientun
1561 1211 1645 1238 nec
1663 1197 1811 1238 solum

137 1267 186 1307 in
200 1265 452 1307 Aristotelis
468 1265 536 1305 vel
554 1264 726 1314 morali,
742 1264 812 1305 vel
829 1264 1015 1305 naturali
1034 1264 1334 1319 philosophia,
1353 1263 1434 1304 sed
1449 1264 1497 1304 in
1513 1265 1610 1319 ipsa
1626 1277 1812 1319 quoque

138 1332 381 1381 dialectica;
402 1331 513 1387 quid
533 1331 660 1387 quod
679 1345 762 1372 nec
783 1331 938 1372 Petrus
958 1330 1144 1386 quidem
1163 1331 1260 1386 ipse
1280 1331 1508 1386 Hispanus
1528 1330 1586 1371 ad
1605 1344 1681 1371 eas
1700 1344 1811 1386 quas

139 1399 239 1440 tulit
258 1413 440 1440 normas
459 1398 635 1439 locutus
654 1390 763 1439 est?⁵

68 1499 241 1541 Alonso
261 1499 504 1555 expressed
523 1498 610 1539 like
630 1498 845 1554 thoughts
864 1498 969 1539 with
990 1498 1066 1539 the
1087 1498 1315 1553 following
1332 1498 1492 1538 words:

137 1599 336 1641 Tradere
351 1600 475 1640 enim
491 1600 646 1640 omnia
660 1613 776 1654 quae
792 1598 849 1639 ab
864 1599 1042 1647 Enzina,
1058 1599 1221 1647 Coeto,
1238 1599 1363 1647 Soto,
1378 1599 1582 1654 Spinosa,
1598 1598 1811 1647 Naverus,

138 1666 369 1722 Sbarroya,
390 1666 623 1707 Coronelo
643 1674 691 1707 et
708 1667 900 1707 coeteris
920 1665 1052 1706 huius
1072 1665 1219 1706 classis
1236 1666 1338 1706 viris
1358 1665 1609 1714 traduntur,
1631 1679 1726 1706 non
1744 1673 1814 1706 est

138 1735 282 1775 visum
312 1733 571 1789 expediens,
603 1747 708 1774 cum
739 1733 966 1774 saeculum
987 1734 1085 1789 jam
1116 1732 1204 1774 alio
1235 1732 1392 1774 tendat
1421 1741 1468 1773 et
1497 1746 1553 1773 ex
1582 1732 1814 1788 decrepita

139 1809 285 1842 aetate
299 1802 348 1841 in
361 1801 454 1841 istis
468 1800 709 1841 Summulis
724 1809 771 1841 et
784 1800 1131 1855 sophismatibus
1146 1814 1297 1840 rursus
1310 1799 1513 1840 videatur
1516 1800 1813 1855 juvenescere

139 1875 187 1908 et
208 1867 267 1907 ad
290 1867 581 1907 sobrietatem
605 1880 762 1921 sapere
786 1866 1141 1906 circuncidentes
1165 1867 1344 1921 penitus
1368 1866 1670 1920 amputandae
1694 1879 1811 1920 quae

139 1947 282 1988 opere
302 1933 499 1988 pretium
520 1946 615 1973 non
634 1941 750 1973 sunt.

207 2000 300 2055 Qui
331 1999 555 2040 voluerint
587 1999 779 2055 perdere
811 2007 1004 2054 tempus,
1037 1998 1177 2040 multa
1207 1998 1402 2054 legendo
1434 1998 1493 2039 de
1524 1999 1631 2047 istis,
1663 1997 1814 2054 legant

140 2066 304 2108 libmm
333 2067 678 2122 oppositionum
708 2067 861 2107 Ezinas
889 2075 936 2107 et
964 2067 1162 2122 primum
1190 2079 1323 2106 suum
1352 2074 1588 2106 tractatum
1618 2074 1665 2106 et
1691 2065 1816 2106 Sbar·

142 2147 295 2189 royam
320 2142 367 2174 et
392 2134 654 2188 magistrum
678 2134 790 2174 Soto
815 2141 862 2174 et
886 2133 1122 2174 nobiscum
1147 2134 1343 2174 sentient
1367 2132 1465 2188 plus
1480 2133 1607 2188 justo
1632 2133 1725 2173 istis
1752 2146 1815 2173 re*

142 2209 356 2249 moratos,
377 2200 434 2241 ab
452 2201 552 2241 usui
574 2200 735 2241 saeculi
756 2192 1025 2240 indulsisse.⁶

73 2300 163 2342 and
182 2314 296 2342 even
314 2314 425 2356 goes
445 2309 493 2341 to
514 2300 591 2341 the
610 2309 811 2341 extreme
831 2301 887 2341 of
900 2301 1063 2356 stating
1082 2300 1189 2341 that:

140 2402 233 2443 Vos
259 2415 381 2451 vero,
410 2401 512 2442 loco
539 2402 747 2450 veritatis,
775 2415 891 2457 quae
918 2401 1242 2457 simplicissima
1267 2409 1348 2450 est,
1377 2409 1578 2441 monstra
1603 2400 1689 2450 illa,
1717 2414 1817 2456 sup-

143 2470 406 2525 positiones,
444 2468 755 2524 obligationes,
793 2469 1078 2524 exponibilia,
1115 2467 1380 2517 insolubilia,
1417 2467 1731 2509 calculationes
1768 2476 1815 2509 et

144 2536 315 2591 reliqua
330 2537 569 2621 terminata
585 2544 632 2576 et
646 2537 770 2591 quasi
789 2535 1021 2591 quoddam
1039 2535 1236 2576 falsitatis
1253 2535 1435 2590 pelagus
1453 2535 1584 2576 nobis
1600 2534 1815 2576 discenda

144 2602 398 2643 tradidistis.

155 2856 172 2880 ⁵
188 2863 278 2899 Luis
294 2863 418 2905 Vives,
434 2863 608 2898 Adversus
621 2863 958 2911 psaadodialeaicos,
976 2864 1038 2898 ed.
1057 2863 1224 2898 Fantazzi
1242 2862 1417 2907 (Leidenz
1436 2862 1538 2904 Brill,
1560 2861 1684 2907 1979),
1702 2861 1840 2897 67-68.

156 2917 173 2940 ⁶
186 2923 336 2958 Alonso
351 2923 402 2957 de
418 2922 455 2957 la
467 2922 569 2957 Vera
584 2921 696 2964 Cruz,
710 2922 913 2971 Recogm‘tio
926 2922 1185 2958 summulamm
1202 2921 1480 2966 (Salmantimez
1496 2921 1661 2956 loannes
1678 2921 1848 2970 Baptista
1862 2933 1885 2957 a

75 2978 306 3019 Terranova,
328 2976 452 3022 1579),
470 2977 666 3012 hereafter
683 2977 857 3012 referred
875 2986 916 3012 to
933 2990 972 3012 as
989 2978 1203 3026 Recogm’tio,
1222 2977 1305 3012 fols.
1323 2977 1370 3011 41
1390 2977 1468 3011 and
1486 2977 1546 3011 55.

157 3030 173 3053 ⁷
187 3036 403 3084 nagnam,
422 3036 487 3070 foi.
506 3036 566 3070 41.
