2106 3458
653 189 790 221 KARL
811 190 1022 223 Aucusr
1045 191 1364 224 NEUHAUSEN
1818 185 1907 225 553

176 359 258 401 per
278 346 553 401 provinciam
574 355 787 395 nostram,
810 347 952 388 multo
974 348 1143 389 facilius
1162 358 1296 404 atque
1316 348 1581 404 expeditius,
1603 358 1846 405 propterea

175 412 302 468 quod
316 413 433 454 inter
450 413 563 454 fines
579 413 890 454 Helvetiorum
905 423 951 455 et
965 415 1274 471 Allobrogum,
1289 417 1365 472 qui
1383 429 1529 471 nuper
1543 417 1685 471 pacati
1702 426 1843 466 erant,

175 479 422 520 Rhodanus
443 479 542 520 fluit
560 481 687 535 isque
708 481 933 521 nonnullis
953 481 1060 522 locis
1079 482 1194 523 vado
1215 483 1436 523 transitur.

173 579 224 620 Id
248 580 384 634 igitur
408 579 672 620 tralaticium
697 580 930 635 quoddam
955 581 1143 636 duplicis
1167 583 1338 623 itineris
1362 583 1592 637 specimen
1618 597 1675 623 ne
1700 583 1911 624 Herculei

106 645 292 700 quidem
313 645 427 686 illius
447 645 550 686 bivii
572 646 767 701 imagine
790 647 1021 687 notissima
1042 649 1189 688 minus
1209 648 1442 697 idoneum,
1464 649 1591 704 quod
1612 650 1701 689 suis
1722 651 1911 705 quisque

107 711 272 752 finibus
294 711 428 767 eligat
449 711 769 767 adaptandum,
793 713 1030 768 quomodo
1052 714 1301 769 Sepulveda
1321 715 1518 755 imitatus
1541 715 1598 755 ad
1621 729 1753 756 suum
1775 717 1913 771 ipsius

106 792 238 819 usum
253 779 536 827 converterit,
553 778 754 819 enodare
768 788 903 834 atque
918 780 1199 835 interpretari
1217 790 1370 822 nostra
1384 795 1503 822 nunc
1518 782 1705 822 interest
1719 782 1912 837 plurimi.

965 979 1058 1034 III

103 1144 168 1183 Ac
192 1144 389 1198 primum
413 1143 612 1198 quidem,
637 1145 809 1184 etiamsi
833 1145 932 1199 quis
955 1145 1230 1200 Sepulvedae
1253 1147 1522 1187 sententiam
1546 1161 1572 1187 a
1595 1161 1668 1187 me
1692 1147 1912 1202 prolatam

105 1209 258 1250 leviter
282 1211 560 1265 strictimque
585 1211 792 1265 attigerit,
820 1211 947 1251 facile
973 1212 1296 1253 animadvertet
1319 1212 1444 1253 illurn
1469 1213 1663 1254 eandem
1690 1215 1798 1263 fere,
1825 1229 1914 1269 qua

104 1276 270 1316 Caesar
299 1290 405 1316 usus
434 1285 543 1324 erat,
574 1276 829 1317 adhibuisse
859 1278 1166 1332 componendi
1198 1287 1478 1319 structuram.
1509 1280 1717 1335 Namque
1748 1281 1913 1321 Caesar

104 1343 261 1397 incipit
281 1343 355 1391 ita,
378 1351 429 1383 ut
449 1343 663 1384 certiores
687 1357 770 1384 nos
793 1344 924 1384 faciat
946 1344 1081 1385 fuisse
1103 1344 1197 1385 duo
1221 1353 1317 1386 tum
1339 1346 1511 1395 itinera,
1535 1346 1697 1401 quibus
1719 1347 1910 1388 Helvetii

104 1409 334 1450 Celtarum
359 1423 470 1465 gens
494 1424 550 1450 ex
575 1411 690 1465 agris
715 1411 805 1451 suis
830 1412 951 1451 exire
977 1420 1111 1466 atque
1136 1413 1184 1452 in
1209 1412 1520 1453 Romanorum
1547 1414 1661 1454 fines
1687 1415 1909 1469 proficisci

105 1484 302 1530 possent;
333 1476 583 1530 Sepulveda
612 1477 845 1517 exorditur
874 1479 1189 1532 argumentari,
1221 1492 1326 1518 cum
1356 1481 1511 1519 asserit
1540 1480 1650 1520 duas
1681 1494 1778 1520 esse
1808 1482 1911 1529 vias,

103 1542 266 1596 quibus
281 1542 535 1596 primicolas
549 1544 784 1582 Americae
798 1543 1011 1583 barbaros
1027 1544 1084 1583 ad
1099 1544 1378 1584 Catholicam
1394 1546 1534 1585 fidem
1550 1556 1764 1600 appareat
1779 1561 1911 1600 posse

104 1608 316 1647 converti.
341 1608 474 1648 Unde
498 1609 786 1648 manifestum
809 1618 877 1649 est
898 1609 965 1649 vel
989 1609 1253 1664 theologum
1277 1610 1396 1650 hunc
1418 1611 1486 1651 vel
1509 1611 1832 1666 philosophum
1856 1613 1912 1652 ab

103 1673 179 1714 illo
193 1682 420 1729 gestarum
436 1688 588 1715 rerum
603 1675 820 1730 scriptore
835 1689 892 1716 eo
908 1675 1139 1717 dumtaxat
1151 1676 1351 1726 differre,
1367 1677 1493 1732 quod
1507 1687 1554 1718 et
1567 1692 1651 1733 pro
1667 1680 1910 1733 praeterito

103 1738 330 1782 substituit
357 1742 603 1796 praesentis
633 1742 827 1783 formam
851 1749 950 1783 sunt
978 1752 1024 1784 et
1050 1744 1143 1784 vice
1173 1745 1342 1794 itineris,
1372 1745 1498 1799 quod
1526 1745 1711 1800 quidem
1741 1760 1911 1787 nomen

104 1807 225 1863 apud
249 1808 490 1849 Caesarem
515 1810 743 1864 angustius
766 1809 920 1859 valeat,
944 1811 1038 1851 viae
1060 1825 1218 1852 vocem
1242 1811 1410 1852 idcirco
1436 1812 1701 1867 fungentem
1725 1813 1911 1863 inducit,

103 1875 229 1930 quod
250 1875 360 1916 haec
381 1875 590 1916 latissime
612 1885 736 1931 patet
754 1877 1007 1932 eademque
1027 1879 1068 1918 ei
1089 1879 1151 1918 vis
1171 1892 1222 1919 ac
1242 1880 1414 1919 rationis
1435 1880 1610 1920 notioni
1631 1881 1693 1920 ita
1713 1880 1912 1921 subiecta

103 1950 183 1990 est,
203 1950 254 1982 ut
271 1942 514 1983 verborum
534 1944 752 1992 iunctura,
773 1958 889 1998 quae
909 1953 978 1984 est
995 1945 1066 1984 via
1085 1959 1135 1985 ac
1152 1946 1309 1985 ratione
1323 1947 1545 2000 procedere,
1566 1947 1613 1987 in
1633 1946 1911 1988 locutionem

103 2007 262 2048 abierit
281 2008 531 2049 admodum
552 2010 713 2049 tritam.

170 2074 461 2129 Perspicuum
496 2089 636 2130 porro
671 2084 739 2116 est
772 2076 1067 2131 Sepulvedam
1103 2078 1304 2118 Caesaris
1339 2077 1447 2118 illud
1482 2078 1740 2133 exemplum
1774 2093 1911 2134 quam

103 2140 440 2195 diligentissime
471 2150 676 2182 secutum
705 2143 932 2183 affirmare
962 2143 1073 2184 duas
1102 2145 1191 2184 vias
1220 2145 1337 2184 inter
1367 2159 1414 2185 se
1445 2146 1637 2185 maxime
1667 2147 1911 2186 contrarias

103 2207 440 2261 distinguendas
459 2222 569 2247 esse:
590 2208 774 2248 alteram
794 2223 959 2263 nempe
978 2210 1210 2250 difficilem
1229 2210 1409 2264 longam
1428 2211 1707 2265 impeditam,
1726 2212 1911 2252 alteram

104 2272 279 2312 facilem
311 2273 494 2313 brevem
527 2274 888 2329 expeditamque.
923 2275 1074 2329 Quam
1108 2284 1259 2315 autem
1293 2285 1387 2316 arte
1420 2276 1669 2330 Sepulveda
1702 2279 1912 2332 presserit

103 2339 305 2380 Caesaris
323 2340 518 2395 vestigia,
538 2340 606 2381 vel
625 2354 681 2381 ex
699 2355 757 2381 eo
778 2342 967 2397 perspici
990 2351 1151 2397 potest,
1172 2342 1298 2398 quod
1316 2342 1557 2384 verborum
1577 2344 1712 2384 etiarn
1733 2345 1909 2393 seriem,

102 2420 238 2462 quam
263 2407 319 2448 ab
342 2407 417 2448 illo
443 2417 670 2449 mutuatus
694 2418 774 2458 est,
798 2410 988 2450 omnino
1012 2419 1318 2451 conservatam
1343 2411 1538 2460 retinuit;
1564 2425 1667 2452 nam
1690 2413 1819 2453 altera
1838 2418 1916 2468 per

103 2475 366 2515 monitionem
383 2476 516 2516 solum
535 2476 839 2532 doctrinamque
856 2483 894 2517 et
908 2478 1254 2533 praedicationem
1275 2492 1454 2519 necnon
1473 2479 1602 2519 altera
1617 2484 1694 2535 per
1706 2480 1912 2520 subiectio-

102 2556 194 2583 nem
220 2543 494 2593 barbamrum,
521 2558 636 2599 quae
663 2546 911 2585 sententiae
940 2546 1142 2586 membra
1166 2546 1287 2601 apud
1313 2546 1608 2601 Sepulvedam
1635 2547 1722 2588 hoc
1748 2548 1910 2589 ordine

102 2619 416 2664 coagmentata
452 2611 667 2666 deinceps
704 2622 959 2661 occurrunt,
1000 2613 1275 2667 respondere
1315 2614 1591 2654 Caesarianis
1628 2614 1710 2654 illis
1746 2629 1909 2655 vocum

102 2677 331 2724 iuncturis,
349 2690 465 2731 quae
482 2686 586 2717 sunt
599 2691 732 2717 unum
743 2683 821 2732 per
831 2679 1038 2733 Sequanos
1054 2688 1100 2719 et
1113 2681 1286 2719 alterum
1298 2685 1375 2734 per
1381 2681 1638 2734 provinciam
1654 2687 1846 2730 nostram,
1864 2683 1911 2722 in

102 2750 261 2796 aperto
282 2751 362 2783 est.
383 2743 583 2792 Accedit,
605 2752 655 2784 ut
674 2744 898 2785 adiectivis
919 2746 971 2785 iis
994 2746 1233 2800 praecipue
1254 2745 1410 2794 verbis,
1432 2745 1594 2800 quibus
1614 2746 1781 2801 duplex
1800 2747 1909 2788 illud

103 2817 285 2863 tamque
309 2809 534 2850 diversum
558 2811 646 2851 sive
670 2811 882 2852 itinerum
907 2812 994 2852 sive
1017 2813 1187 2852 viarum
1211 2812 1459 2852 declaratur
1482 2826 1637 2867 genus,
1661 2813 1910 2868 Sepulveda

103 2875 304 2915 Caesaris
336 2876 545 2931 exemplo
579 2878 705 2917 nixus
737 2887 947 2932 arguatur
978 2878 1196 2918 ambitum
1228 2879 1621 2933 circumscripsisse
1652 2880 1907 2929 verborum;

103 2941 292 2995 perinde
310 2943 432 2982 enim
450 2951 585 2997 atque
603 2943 675 2983 ille
693 2944 833 2984 utitur
849 2958 953 2984 cum
969 2945 1220 2999 vulgaribus
1238 2945 1475 2992 adiectivis‚
1494 2945 1640 2999 qualia
1656 2955 1760 2986 sunt
1776 2947 1909 2987 verba

102 3007 283 3061 dufficilis
303 3021 354 3048 ac
361 3008 518 3062 facilis,
541 3017 637 3049 tum
658 3010 826 3050 rariore
845 3011 1063 3065 expeditus.
