2106 3458
707 197 889 230 PIETER
911 199 1273 231 SCHOONBEEG

291 356 410 396 Dum
430 369 543 396 uero
564 356 721 411 frigtus
742 357 1065 398 tremebundos
1084 357 1252 399 deserit
1269 366 1390 398 artus

357 423 410 463 Et
429 436 531 462 mea
551 422 755 463 membra
772 423 893 464 calor
914 433 1095 479 torquet
1113 433 1164 465 ut
1182 433 1286 465 ante
1305 424 1422 480 gelu,

288 490 439 545 Vsque
459 489 576 530 adeo
596 503 762 530 exuror
781 491 1041 532 truculentis
1062 491 1273 540 febribus,
1293 499 1344 532 ut
1363 505 1436 532 me

357 556 613 611 Expositam
634 556 802 611 Libycis
822 557 1015 598 aestibus
1034 572 1131 598 esse
1152 572 1262 598 rear.

288 624 380 663 Aut
397 624 571 663 Aetnae
590 624 814 671 iniectam,
837 624 1038 664 flammas
1058 638 1174 679 quae
1194 626 1373 680 pumice
1395 626 1551 664 mixtas

356 689 562 730 Candida
580 689 742 730 siderei
764 697 946 745 torquet
965 690 1022 731 ad
1041 699 1158 731 astra
1176 690 1281 746 poli.

289 756 419 796 Hanc
439 764 613 810 pestem
633 755 875 797 herbarum
895 758 1035 797 succis
1055 757 1284 812 herbaque
1304 758 1466 798 uirenti

356 821 524 862 Pellere
545 823 728 862 tentaui:
750 822 923 862 Profuit
942 823 1082 863 herba
1101 823 1222 863 nihil.

288 888 431 942 Saepe
451 887 564 927 deos
584 887 791 942 precibus
811 888 998 942 pulsaui,
1019 897 1070 928 ut
1089 888 1296 929 morbida
1315 889 1519 929 membra

355 954 590 994 Curarent:
613 954 750 994 Fusae
771 953 831 994 nil
850 954 1033 995 ualuere
1054 968 1222 1010 preces.

288 1021 407 1061 Hinc
428 1020 628 1075 tripodas
648 1020 833 1069 Phoebi,
853 1022 952 1076 quis
973 1021 1174 1076 Dephica
1192 1030 1311 1062 terra
1329 1022 1543 1076 superbit,

355 1086 478 1127 Ilicet
496 1087 673 1136 accessi,
693 1095 745 1127 ut
764 1088 934 1128 nimina
952 1087 1248 1129 consulerem.

287 1154 398 1193 Mox
416 1153 492 1193 ubi
515 1153 746 1194 fatidicum
767 1167 938 1194 numen
957 1154 1184 1194 Phoebeia
1202 1154 1410 1195 sacerdos

355 1220 542 1260 Pectore
562 1221 769 1275 suscepit,
792 1220 894 1260 talia
911 1221 1052 1261 uerba
1070 1221 1208 1261 dedit:

289 1286 490 1335 ‘Falleris,
511 1286 568 1327 ah
588 1287 790 1335 demens,
811 1288 845 1327 si
868 1287 1079 1328 morbum
1100 1288 1265 1343 pellere
1287 1297 1430 1328 tentas

353 1353 531 1394 Viribus
551 1353 793 1394 herbarum
814 1354 1105 1410 multipliciue
1126 1369 1273 1410 prece.

287 1421 475 1461 Morbus
494 1435 587 1476 quo
608 1422 800 1461 afficeris
822 1422 939 1461 fatali
960 1422 1135 1477 elapsus
1155 1422 1211 1462 ab
1231 1431 1351 1462 astro

355 1488 538 1527 Dicitur:
560 1487 664 1527 hinc
684 1488 834 1528 herbis
854 1488 1009 1542 pellier
1028 1489 1100 1528 ille
1121 1490 1289 1543 nequit.

287 1553 585 1607 Hippolytum
606 1553 753 1607 Elysiis
773 1567 1046 1608 quamquam
1068 1555 1300 1594 reuocauit
1319 1555 1375 1595 ab
1395 1556 1512 1595 aruis

354 1619 521 1667 Herba,
544 1628 696 1659 tamen
716 1629 890 1674 pestem
910 1620 1024 1660 hanc
1045 1621 1211 1675 pellere
1233 1621 1351 1661 nulla
1371 1630 1532 1676 potest.

286 1686 329 1726 Si
350 1700 478 1735 uero,
499 1700 529 1726 o
549 1686 722 1742 uulpes,
743 1701 902 1742 aegros
922 1688 1118 1728 curarier
1137 1696 1257 1728 artus

354 1753 485 1808 Opts,
506 1753 743 1794 consilium
763 1768 891 1795 sume
911 1754 1086 1795 salubre
1107 1769 1273 1796 meum.

287 1821 562 1875 Pennigerae
584 1820 740 1861 turbae
760 1821 898 1862 decus
917 1830 985 1862 est
1004 1821 1256 1862 Phoebeius
1276 1822 1365 1863 ales

354 1887 407 1927 Et
425 1896 575 1941 gratus
595 1888 750 1942 Stygiis
770 1888 1082 1942 caelixolisque
1102 1888 1212 1928 deis.

287 1953 422 1993 Hunc
441 1953 517 1993 ubi
540 1953 784 1994 frondosae
804 1955 1087 2008 prospexeris
1107 1955 1268 1995 arbore
1289 1956 1391 2009 fagi,

354 2019 625 2059 Procumbas
645 2028 692 2060 et
710 2033 849 2075 opem
869 2020 1076 2060 sollicites
1096 2021 1316 2076 precibus.

287 2086 363 2126 Ille
384 2087 525 2127 feram
547 2095 720 2141 pestem
741 2088 975 2128 stomacho
996 2088 1264 2142 liquidisque
1286 2088 1490 2128 medullis

354 2152 503 2201 Pellet‚
524 2162 649 2207 grata
667 2154 793 2208 genis
814 2154 961 2193 fixerit
979 2154 1099 2194 oscla
1118 2154 1232 2194 tuis.'

287 2219 419 2267 Hinc,
441 2220 515 2273 pie
535 2233 687 2268 corue,
709 2233 882 2274 precor:
906 2221 973 2260 fer
992 2234 1144 2274 opem,
1167 2222 1378 2261 miserere
1400 2221 1595 2261 misellae

352 2285 508 2341 Vulpis
527 2294 573 2326 et
592 2295 697 2341 apta
715 2287 840 2341 genis
860 2286 1012 2327 oscula
1032 2287 1121 2342 fige
1142 2288 1266 2335 meis,

285 2353 344 2394 Vt
364 2353 575 2394 morbum
596 2353 788 2410 expellas
808 2355 883 2410 qui
906 2355 1073 2410 frigore
1093 2363 1140 2396 et
1158 2355 1262 2411 igne
1282 2355 1476 2396 uicissim

355 2421 656 2477 Languidolos
676 2431 796 2463 artus
818 2431 951 2463 nocte
971 2423 1136 2478 dieque
1157 2424 1333 2478 premit.

1636 559 1693 598 40

1636 1222 1693 1262 50

1635 1890 1692 1929 60

287 2489 429 2544 Quod
465 2490 622 2544 nequit
657 2489 798 2530 herba
831 2491 995 2539 uirens,
1032 2491 1158 2546 quod
1194 2504 1288 2531 non
1323 2490 1443 2531 ualet
1477 2490 1691 2531 herbidus

287 2555 454 2596 humor

354 2623 559 2671 Efficere,
580 2623 668 2663 hoc
688 2623 826 2671 osclo,
846 2637 999 2672 corue,
1020 2633 1150 2678 potes
1171 2624 1299 2664 facili.

287 2689 412 2742 Quas
432 2703 520 2743 ego
542 2689 685 2729 fundo
707 2703 862 2744 preces
882 2691 916 2730 si
938 2690 1074 2730 librae
1095 2690 1292 2730 lancibus
1312 2691 1465 2744 aequis

355 2768 528 2809 pensas,
549 2755 617 2795 his
637 2769 794 2796 cernes
813 2757 969 2796 iustius
989 2770 1086 2796 esse
1108 2757 1228 2796 nihil.

288 2821 488 2862 Pestibus
508 2822 672 2862 euulsis
693 2823 726 2862 si
748 2836 907 2877 aegros
927 2824 1152 2863 curaueris
1172 2832 1305 2871 artus,

354 2888 579 2928 Laudibus
599 2889 829 2928 immensis
850 2898 893 2929 te
913 2903 1049 2943 super
1068 2898 1184 2929 astra
1203 2890 1358 2936 feram,

286 2953 376 2994 Sed
395 2954 429 2994 si
453 2955 664 2995 restiteris
685 2955 904 3010 precibus,
925 2955 1051 3010 quod
1071 2956 1322 3003 abominor,
1343 2956 1449 3003 istis,

355 3020 449 3069 Dic,
471 3021 558 3076 pie,
579 3021 665 3070 dic,
686 3035 838 3070 corue,
859 3022 917 3062 ad
936 3023 1061 3063 cuius
1081 3036 1219 3077 opem
1241 3021 1457 3077 fugiam?”

1636 2622 1691 2664 70

1800 192 1882 231 641
