2106 3458
201 200 290 240 554
403 208 544 240 INDIS
568 207 896 240 AMERICANIS
920 207 1064 251 QUAE
1088 207 1201 240 CUM
1225 208 1510 240 VETERIBUS
1534 208 1808 241 HELVETIIS

269 368 434 407 Cetera
446 375 599 406 autem
612 366 838 406 elementa
850 380 876 406 e
890 367 1091 406 Caesaris
1104 366 1176 406 illa
1188 369 1409 407 sententia
1421 367 1694 422 deprompta
1706 368 2013 422 compluribus

201 432 452 488 Sepulveda
478 433 621 473 causis
648 432 868 472 adductus
895 432 979 472 alia
1006 432 1093 472 alio
1121 434 1412 474 commutavit
1439 433 1593 474 modo.
1623 433 1864 474 Rhetorica
1889 435 2012 475 enim

201 500 442 540 instructus
466 507 560 540 arte
584 500 690 555 quia
711 500 922 539 varietate
946 499 1141 554 quadam
1163 513 1325 540 vocum
1349 500 1523 540 animos
1547 499 1764 540 didicerat
1787 500 2012 550 delectari,

202 567 296 608 duo
328 566 401 608 illa
431 566 744 608 Helvetiorum
776 567 949 616 itinera,
982 566 1144 622 quibus
1174 566 1280 608 bina
1311 567 1475 608 Caesar
1507 567 1769 608 attribuerat
1799 567 2014 609 adiectiva

200 634 348 683 verba,
365 635 529 689 partim
543 634 810 674 invertendo
827 635 989 689 partim
1005 634 1227 689 quaedam
1242 634 1455 675 addendo
1470 635 1532 675 ita
1546 636 1667 675 auxit
1681 643 1815 690 atque
1830 635 2016 690 amplifi-

202 702 326 750 cavit,
350 709 401 741 ut
422 701 533 741 duas
556 715 656 741 suas
678 701 767 741 vias
791 701 916 741 trinis
939 701 1142 741 afficeret
1163 701 1387 741 adiectivis
1409 701 1667 741 eiusdemve
1689 702 1866 756 generis
1889 715 2016 742 orna-

203 768 379 808 mentis.
403 767 454 807 Id
474 768 626 822 itaque
649 768 803 807 effecit
823 767 1084 822 Sepulveda,
1107 775 1158 807 ut
1178 767 1489 807 Helvetiorum
1510 767 1619 807 illud
1642 768 1718 808 iter
1734 774 1956 823 angustum
1976 775 2014 808 et

202 835 370 889 difficile
395 842 714 888 exaggeratum
742 834 1136 874 transformaretur
1161 834 1208 874 in
1234 834 1346 874 viam
1373 834 1579 888 difficilem
1607 834 1770 889 longam
1797 835 2015 890 multisque

197 901 392 956 periculis
411 901 663 956 impeditam,
683 900 872 940 alterum
891 909 1043 940 autem
1061 901 1145 940 iter
1163 914 1189 940 a
1206 901 1397 941 Caesare
1416 900 1690 955 perhibitum
1708 901 1836 941 multo
1840 901 2015 956 facilius

202 975 324 1024 atque
346 968 571 1023 expeditius
595 968 727 1008 fieret
748 968 818 1008 via
827 968 971 1023 facilis
994 968 1121 1008 brevis
1143 974 1182 1008 et
1203 982 1293 1008 cum
1317 968 1456 1008 multis
1479 968 1738 1008 barbarorum
1761 969 2016 1009 commodita-

203 1036 308 1075 tibus
327 1035 525 1089 expedita.
546 1034 734 1088 Reliqua
753 1048 916 1082 rursus,
937 1048 1053 1088 quae
1073 1048 1099 1074 a
1117 1035 1309 1074 Caesare
1328 1034 1414 1074 illic
1434 1034 1570 1074 relata
1588 1034 1813 1083 cernebat,
1833 1048 1937 1075 cum
1957 1035 2014 1075 ad

203 1115 269 1149 ea,
295 1115 411 1156 quae
436 1100 616 1140 sibimet
638 1101 721 1155 ipsi
746 1100 1101 1140 demonstranda
1123 1108 1436 1155 proposuerat,
1461 1101 1651 1140 omnino
1676 1114 1771 1140 non
1794 1100 2014 1155 quadrare

202 1168 475 1217 viderentur,
497 1166 831 1222 praetereundo
854 1167 1044 1207 removit
1063 1175 1109 1207 et
1128 1166 1313 1207 sustulit.

271 1234 449 1289 Quibus
462 1235 582 1274 initis
598 1233 845 1274 rationibus
858 1233 1120 1289 Sepulveda,
1135 1235 1333 1289 quamvis
1349 1242 1417 1274 tot
1430 1242 1641 1289 tantaque
1656 1234 1751 1274 eius
1766 1234 2014 1274 sententiae

204 1301 409 1342 membra
432 1315 537 1342 cum
562 1302 830 1341 Caesariana
854 1300 1046 1356 periodo
1071 1309 1334 1356 congruant,
1360 1301 1521 1341 eadem
1547 1309 1699 1341 tamen
1722 1300 1780 1341 ad
1803 1300 1863 1350 id,
1889 1300 2015 1356 quod

203 1369 299 1423 ipse
314 1369 403 1408 suis
416 1368 560 1408 verbis
575 1369 828 1422 exprimere
842 1376 977 1422 atque
991 1368 1211 1422 effingere
1225 1367 1445 1416 studebat,
1461 1376 1551 1407 tam
1566 1376 1669 1422 apte
1683 1376 2019 1408 convenienter-

203 1449 292 1490 que
320 1434 692 1483 accommodavit,
722 1442 772 1474 ut
799 1443 844 1474 et
872 1435 1082 1488 propriae
1111 1435 1337 1488 scriptoris
1366 1435 1461 1474 eius
1488 1435 1670 1474 virtutes
1698 1433 1904 1474 eluceant
1931 1447 2014 1474 nec

204 1516 364 1557 parum
382 1501 561 1557 liqueat,
580 1515 716 1556 quam
734 1515 939 1541 severum
955 1500 1027 1541 ille
1045 1515 1091 1541 se
1109 1515 1336 1556 quamque
1353 1500 1598 1556 superbum
1615 1500 1832 1540 Indorum
1849 1501 2018 1541 Ameri—

203 1583 422 1610 canorum
443 1568 702 1624 praebuerit
720 1568 929 1609 iudicem.
951 1568 1076 1623 Quid
1096 1569 1217 1609 enim
1237 1569 1406 1609 cunctis
1426 1568 1492 1608 his
1512 1568 1570 1608 de
1590 1568 1848 1608 hominibus
1868 1567 2018 1623 Sepul-

202 1637 315 1677 veda
334 1637 524 1677 senserit
543 1636 849 1685 iudicandum,
869 1636 937 1676 vel
956 1636 1062 1676 inde
1083 1637 1293 1691 cognosci
1316 1644 1477 1690 potest,
1499 1635 1625 1690 quod
1645 1635 1784 1676 tribus
1804 1635 2014 1676 omnibus

204 1704 325 1752 locis,
352 1704 427 1743 ubi
455 1703 635 1743 illorum
662 1704 943 1743 mentionem
970 1704 1086 1751 facit,
1114 1717 1284 1742 nornen
1309 1717 1469 1742 eorum
1496 1703 1731 1757 proprium
1757 1702 2014 1742 evitandum

205 1779 323 1810 ratus
352 1770 524 1810 nullum
553 1771 634 1810 nisi
665 1769 986 1809 ‘barbarorum’
1017 1783 1186 1809 nomen
1212 1770 1374 1823 ipsum,
1402 1769 1527 1823 quod
1555 1783 1611 1808 ne
1639 1769 1803 1808 Caesar
1830 1768 2015 1823 quidem

204 1838 380 1892 saepius
411 1850 559 1891 aequo
590 1836 869 1884 adhibuerat,
900 1844 950 1876 ut
979 1835 1208 1876 Helevtios
1237 1836 1489 1876 Germanos
1520 1843 1780 1889 ceterasque
1811 1835 2015 1875 nationes

204 1904 517 1944 Romanorum
555 1902 698 1943 cultus
736 1911 870 1958 atque
909 1902 1196 1942 humanitatis
1234 1911 1439 1957 expertes
1478 1910 1770 1957 nuncuparet,
1809 1901 1931 1942 idem
1968 1902 2016 1941 in

204 1971 410 2025 peiorem
446 1978 621 2024 partem
656 1969 970 2024 accipiendum
1005 1969 1254 2024 Sepulveda
1287 1977 1337 2009 ut
1371 1968 1471 2009 alibi
1508 1969 1603 2009 fere
1638 1969 1699 2009 sic
1733 1969 1850 2009 intra
1882 1968 2015 2008 unius

204 2051 389 2092 quoque
419 2037 668 2076 sententiae
700 2036 829 2076 nobis
859 2035 1183 2076 examinandae
1213 2036 1406 2090 spatium
1436 2044 1527 2075 tam
1557 2035 1769 2089 exiguum
1799 2043 1868 2075 ter
1896 2034 2016 2075 Indis

203 2104 481 2144 Americanis
502 2111 731 2158 tamquam
752 2102 1052 2143 deterioribus
1072 2102 1360 2157 turpitudinis
1381 2103 1517 2142 instar
1537 2102 1694 2142 inussit
1714 2109 1862 2141 notae.
1884 2101 2015 2156 Quae

204 2184 308 2210 cum
343 2170 404 2210 ita
438 2170 538 2218 sint,
573 2170 621 2210 in
655 2169 837 2224 proclivi
873 2178 940 2209 est
973 2169 1214 2217 intellectu,
1249 2177 1531 2223 quantopere
1566 2182 1691 2208 suam
1726 2167 1784 2208 de
1817 2167 2015 2207 barbaris

203 2237 481 2277 Americanis
508 2236 777 2291 opinionem
803 2235 1053 2291 Sepulveda
1079 2250 1162 2290 pro
1191 2244 1310 2275 recta
1336 2249 1528 2290 veraque
1556 2234 1810 2275 habendam
1838 2234 2015 2274 lecturis

204 2304 426 2344 inculcare
448 2304 744 2359 temptaverit.

272 2372 524 2421 Enimvero,
543 2371 726 2412 simulac
743 2371 959 2426 quaesivit
974 2370 1184 2425 denique,
1203 2379 1355 2411 utrum
1371 2369 1443 2410 illa
1458 2369 1628 2410 difficili
1646 2370 1715 2409 via
1730 2368 2018 2424 progredien-

205 2439 315 2479 dum
338 2447 456 2479 esset
478 2453 535 2479 an
559 2438 701 2479 multo
726 2438 938 2487 faciliore,
961 2439 1057 2493 ipse
1080 2438 1318 2478 confestim
1342 2445 1475 2492 negat
1497 2436 1730 2492 prudentis
1752 2437 2015 2491 cuiusquam

205 2520 302 2547 esse
318 2506 538 2555 dubitare,
555 2514 703 2547 utram
719 2507 1019 2560 interrogatus
1035 2506 1090 2546 sit
1106 2505 1394 2560 praelaturus.
1412 2503 1717 2545 Consimiliter
1732 2504 1867 2558 igitur
1881 2511 2015 2558 atque

204 2573 481 2623 Aristoteles,
511 2574 580 2614 cui
611 2587 792 2614 summo
820 2572 1005 2628 quidem
1035 2573 1205 2613 auctori
1234 2571 1374 2627 qualis
1402 2571 1703 2612 intercederet
1732 2569 2016 2611 necessitudo

205 2655 309 2682 cum
328 2641 449 2682 Indis
467 2641 744 2682 Americanis
764 2640 976 2696 patefecit
993 2640 1220 2695 originum
1240 2639 1375 2679 ‘orbis
1395 2638 1510 2679 novi'
1530 2638 1833 2679 eruendarum
1851 2637 2017 2678 Nestor

205 2709 277 2749 ille
300 2701 648 2757 Americanus,¹‘¹
672 2707 922 2762 Sepulveda
944 2708 1136 2761 antiquis
1160 2706 1363 2747 eiusdem
1389 2720 1529 2746 novae
1553 2719 1669 2760 quae
1691 2713 1875 2745 vocatur
1898 2704 2020 2745 tellu-

207 2776 263 2815 ris
281 2774 438 2815 incolis
457 2775 718 2815 communia
735 2773 957 2829 quaedam
976 2787 1072 2813 esse
1090 2773 1325 2813 contendit
1341 2786 1445 2812 cum
1463 2771 1777 2826 comparandis
1792 2770 2016 2811 veteribus

288 2981 317 3003 ¹⁴
331 2987 479 3021 Scilicet
493 2986 612 3021 Lewis
625 2986 764 3021 Hanke
778 2986 819 3020 in
833 2998 883 3020 eo
895 2985 1005 3026 libro,
1020 2985 1085 3032 qui
1100 2985 1319 3019 inscribitur
1330 2984 1491 3019 Ari-§totle
1502 2983 1577 3018 and
1590 2983 1644 3018 the
1654 2983 1841 3018 American
1853 2982 2016 3017 Indiam:

204 3042 234 3076 A
253 3041 360 3088 Study
379 3041 418 3075 in
434 3041 529 3075 Race
543 3041 723 3088 Prejudice
740 3041 779 3074 in
797 3040 852 3074 the
866 3039 1016 3074 Modern
1038 3039 1156 3073 World
1173 3039 1380 3082 (Londinii,
1403 3038 1526 3082 1959).
