2106 3458
662 218 799 250 KARL
820 219 1031 252 AUGUST
1054 219 1373 252 NEUHAUSEN
1827 212 1916 251 555

116 376 343 417 Helvetiis.
378 375 784 431 Quemadmodum
817 377 940 417 enim
973 377 1082 418 olim
1114 378 1173 418 illi
1208 377 1439 418 Gallorum
1472 376 1756 418 Celtarumve
1790 378 1921 432 primi

116 443 295 484 Caesari
336 451 433 484 tum
472 442 723 498 subigendi,
763 443 1022 498 priusquam
1063 445 1204 499 pacati
1245 445 1555 485 Romanorum
1594 444 1641 484 in
1680 444 1922 500 imperium

116 510 441 565 redigerentur,
468 509 720 565 expeditius
745 510 830 550 iter
855 510 1097 551 difficiliori
1124 511 1350 552 duxerunt
1374 510 1762 566 anteponendum,
1788 520 1839 551 ut
1864 525 1921 552 eo

115 576 302 617 celerius
316 576 694 631 commodiusque
707 577 755 616 in
769 577 1043 631 provinciam
1057 578 1283 632 quandam
1298 578 1608 618 Romanorum
1622 578 1921 632 pervenirent,

115 643 176 683 sic
192 642 443 697 Sepulveda
457 642 758 697 comprobare
775 651 964 683 conatur
980 652 1105 683 certo
1122 657 1219 684 esse
1236 644 1399 684 certius
1417 643 1670 698 primicolas
1686 645 1921 684 Americae

114 710 236 764 ipsos
259 722 444 764 quoque
465 708 694 757 barbaros,
717 722 810 764 quo
834 709 1003 749 facilius
1024 711 1222 750 converti
1247 718 1444 765 possent,
1468 723 1562 750 non
1585 723 1667 765 per
1688 709 1921 750 difficilem

115 775 388 831 longamque
402 774 521 816 illam
534 776 649 816 viam
663 789 722 816 eo
737 775 1053 830 perducendos
1067 790 1164 817 esse
1178 776 1258 817 sed
1273 777 1368 832 ‘per
1381 776 1722 817 subiectionem’
1738 776 1922 818 alteram

113 843 229 883 viam
256 842 399 883 multo
424 842 754 897 expeditiorem
779 856 838 882 eo
862 842 1068 883 videlicet
1091 843 1293 892 consilio,
1319 852 1370 884 ut
1393 843 1516 884 idem
1540 844 1588 884 in
1613 844 1922 898 Hispanorum

114 909 334 963 imprimis
371 908 601 949 dicionem
638 917 1000 963 potestatemque
1039 909 1204 950 redacti
1242 910 1326 950 sub
1361 923 1523 950 eorum
1560 909 1922 950 dominationem

114 975 506 1029 subiungerentur.
530 975 759 1015 Hactenus
781 988 892 1029 ergo
914 975 1050 1015 Indos
1071 976 1364 1016 Americanos
1386 976 1630 1030 Europaeis
1653 975 1923 1030 quibusdam

115 1040 374 1081 hominibus
403 1040 648 1081 vincendos
678 1054 783 1080 cum
813 1040 1027 1081 Helvetiis
1057 1042 1258 1082 Caesaris
1288 1034 1531 1082 hostibus¹⁵
1561 1042 1757 1082 conferri
1789 1056 1922 1097 posse

114 1107 390 1162 Sepulvedae
411 1107 588 1162 placuit.

977 1293 1065 1347 IV

112 1441 173 1481 At
190 1454 297 1481 vero
320 1439 691 1481 Bartholomaeus
713 1440 879 1481 Casaus
900 1449 951 1481 ut
970 1440 1075 1481 alias
1095 1442 1156 1481 sic
1177 1441 1259 1481 hac
1280 1455 1464 1496 quoque
1485 1441 1544 1482 de
1566 1455 1613 1482 re
1635 1441 1923 1482 decernenda

114 1507 248 1563 longe
266 1521 393 1548 secus
411 1516 479 1548 est
494 1507 745 1548 censendus
764 1508 899 1549 fuisse
916 1508 1203 1549 iudicaturus.
1222 1508 1471 1564 Sepulveda
1487 1510 1623 1558 enirn,
1642 1510 1676 1550 si
1696 1510 1921 1550 recordari

114 1575 234 1623 libet,
255 1575 604 1630 haudquaquam
624 1576 685 1615 ait
705 1575 865 1615 nullius
885 1575 1138 1624 Christiani,
1159 1577 1301 1616 immo
1317 1576 1532 1630 prudentis
1552 1590 1646 1616 non
1665 1590 1762 1617 esse
1783 1576 1925 1617 homi-

115 1643 181 1682 nis
207 1641 427 1690 dubitare,
454 1650 554 1682 utra
578 1642 634 1682 sit
657 1643 726 1682 via
751 1642 1106 1696 procedendum.
1134 1643 1360 1697 Quocirca
1385 1643 1657 1697 prudentem
1682 1643 1807 1683 illum
1833 1644 1925 1698 qui-

113 1708 234 1759 dem,
255 1708 336 1747 sed
356 1709 511 1747 omnia
528 1708 596 1748 vel
616 1708 674 1748 ad
693 1722 773 1748 sua
793 1717 966 1748 tantum
986 1709 1054 1748 vel
1075 1710 1137 1748 rei
1159 1709 1362 1763 publicae
1383 1709 1628 1749 commoda
1648 1710 1921 1749 referentem

114 1773 361 1814 subiciendi
378 1787 460 1829 per
471 1774 560 1814 vim
574 1774 689 1814 viam
704 1788 730 1814 a
742 1774 992 1829 Sepulveda
1005 1774 1370 1815 commendatam
1384 1775 1521 1815 altera
1535 1775 1672 1830 pluris
1686 1776 1922 1816 aestimare

115 1854 209 1880 non
225 1842 422 1881 cunctari
441 1841 744 1881 concedamus
762 1842 970 1896 profecto
989 1855 1171 1881 necesse
1188 1850 1267 1882 est.
1288 1842 1454 1882 Casaus
1471 1851 1637 1891 autem,
1656 1843 1826 1897 quippe
1844 1844 1919 1897 qui

112 1907 177 1946 vir
200 1920 304 1947 vere
331 1906 609 1946 Christianus
635 1907 729 1947 aliis
755 1908 894 1961 magis
921 1921 1057 1962 quam
1083 1907 1163 1947 sibi
1191 1908 1426 1947 consulere
1453 1908 1630 1957 soleret,
1658 1909 1692 1948 si
1720 1909 1922 1948 Caesaris

113 1972 222 2012 illud
252 1972 310 2012 de
341 1972 520 2012 duobus
551 1973 863 2013 Helvetiorum
893 1973 1126 2013 itineribus
1157 1974 1328 2013 dictum
1359 1974 1658 2014 similitudinis
1688 1974 1922 2014 cuiusdam

113 2038 409 2079 deducendae
425 2052 558 2079 causa
573 2040 878 2088 arcessivisset,
895 2039 1084 2080 dubium
1102 2053 1196 2080 non
1211 2048 1291 2088 est,
1309 2041 1419 2095 quin
1433 2048 1591 2080 contra
1606 2054 1657 2080 ac
1673 2041 1922 2096 Sepulveda

113 2105 404 2146 conclusurus
433 2106 569 2146 fuerit
596 2120 651 2147 ea
677 2107 786 2162 ipsa,
815 2120 951 2162 quam
979 2107 1052 2147 ille
1081 2108 1205 2162 quasi
1236 2108 1367 2148 nimis
1395 2107 1628 2148 difficilem
1659 2108 1920 2163 repudiavit,

114 2172 500 2228 progrediendum
526 2187 623 2214 esse
647 2174 728 2223 via;
757 2187 1004 2229 numquam
1029 2175 1152 2215 enim
1177 2174 1347 2215 destitit
1370 2174 1494 2215 idem
1519 2175 1708 2215 eximius
1734 2189 1921 2216 suorum

114 2249 330 2295 patronus
346 2240 564 2281 Indorum
582 2255 770 2281 monere
788 2255 882 2281 non
898 2255 1003 2281 suae
1020 2241 1169 2281 salutis
1185 2255 1265 2282 eos
1281 2256 1414 2282 causa
1429 2242 1525 2297 ‘per
1541 2242 1923 2282 subiectionem’—

113 2307 160 2347 id
175 2307 302 2361 quod
316 2307 566 2362 Sepulveda
580 2308 641 2348 ita
657 2309 878 2362 poposcit,
895 2317 945 2348 ut
959 2322 1060 2348 eam
1078 2309 1289 2348 nimirum
1307 2322 1415 2356 rem,
1433 2322 1548 2363 quae
1565 2310 1647 2363 ipsi
1665 2310 1822 2357 arrisit,
1838 2323 1921 2349 acu

114 2382 368 2429 tangeret—‚
392 2374 621 2429 sed—quas
643 2374 893 2430 Sepulveda
915 2389 984 2415 res
1006 2375 1199 2430 singulas
1221 2375 1455 2415 adversarii
1480 2376 1749 2416 sententiam
1772 2376 1924 2416 adum-

112 2441 245 2482 brans
278 2455 372 2482 non
404 2442 551 2482 minus
583 2443 916 2497 circumscripte
947 2442 1177 2498 amplexus
1208 2443 1410 2498 est—‘per
1441 2443 1742 2484 monitionem
1773 2443 1920 2484 solum

113 2508 457 2564 doctrinamque
478 2517 524 2550 et
545 2509 941 2564 praedicationem’
963 2510 1131 2551 debere
1152 2511 1363 2551 converti.
1385 2511 1543 2565 Aeque
1564 2519 1920 2552 consentaneum

113 2584 181 2616 est
199 2576 453 2616 coniectare
473 2576 672 2617 eundem
693 2586 916 2632 perpetuo
936 2577 1114 2618 illomm
1134 2591 1289 2618 amore
1310 2586 1592 2618 commotum
1613 2587 1921 2619 recusaturum

115 2643 264 2690 fuisse,
297 2656 354 2682 ne
385 2644 681 2683 confiteretur
710 2657 790 2683 eos
823 2644 939 2683 ‘cum
972 2644 1133 2684 multis'
1165 2645 1368 2698 ipsorum
1401 2644 1839 2693 ‘commoditatibus'‚
1872 2654 1923 2685 ut

114 2709 375 2748 asseveravit
399 2708 661 2762 Sepulveda,
688 2718 766 2749 aut
790 2710 879 2749 iam
906 2709 1112 2749 subactos
1139 2723 1235 2749 esse
1262 2718 1338 2749 aut
1363 2723 1580 2763 umquam
1606 2709 1745 2750 subici
1773 2724 1919 2764 posse.

196 2928 225 2951 ¹⁵
237 2934 346 2969 Nova
358 2946 485 2982 nuper
498 2935 597 2969 hanc
609 2935 659 2969 ad
672 2947 755 2970 rem
768 2947 1053 2983 saepenumero
1067 2944 1264 2970 tractatam
1276 2935 1438 2970 contulit
1451 2935 1567 2969 Franz
1580 2935 1742 2970 Fischer:
1756 2936 1921 2971 “Caesar

113 2988 197 3022 und
211 2988 275 3022 die
290 2988 497 3023 Helvetier:
512 2988 624 3023 Neue
640 2981 939 3037 Uberlegungen
954 3001 1000 3024 zu
1015 2990 1144 3024 einem
1159 2990 1261 3024 alten
1275 2989 1458 3030 Thema,”
1471 2989 1835 3037 BonnerJahrbwoer
1850 2991 1920 3025 185

114 3043 258 3086 (1985):
280 3043 388 3078 1-26.
