<?xml version="1.0" encoding="UTF-8"?>
<!DOCTYPE html PUBLIC "-//W3C//DTD XHTML 1.0 Transitional//EN"
    "http://www.w3.org/TR/xhtml1/DTD/xhtml1-transitional.dtd">
<html xmlns="http://www.w3.org/1999/xhtml" xml:lang="en" lang="en">
 <head>
  <title>
</title>
<meta http-equiv="Content-Type" content="text/html;charset=utf-8" />
  <meta name='ocr-system' content='tesseract 3.04.00' />
  <meta name='ocr-capabilities' content='ocr_page ocr_carea ocr_par ocr_line ocrx_word'/>
</head>
<body>
  <div class='ocr_page' id='page_1' title='image "./toronactaconvent00inteuoft_0576.png"; bbox 0 0 2106 3458; ppageno 0'>
   <div class='ocr_carea' id='block_1_1' title="bbox 200 185 1806 236">
    <p class='ocr_par' dir='ltr' id='par_1_1' title="bbox 200 185 1806 236">
     <span class='ocr_line' id='line_1_1' title="bbox 200 185 1806 236; baseline 0.001 -12"><span class='ocrx_word' id='word_1_1' title='bbox 200 185 289 224; x_wconf 86' lang='lat'>552</span> <span class='ocrx_word' id='word_1_2' title='bbox 402 193 543 224; x_wconf 84' lang='lat' dir='ltr'>1Nms</span> <span class='ocrx_word' id='word_1_3' title='bbox 566 193 894 224; x_wconf 81' lang='lat' dir='ltr'>AMERICANIS</span> <span class='ocrx_word' id='word_1_4' title='bbox 919 193 1063 236; x_wconf 80' lang='lat' dir='ltr'>QUAE</span> <span class='ocrx_word' id='word_1_5' title='bbox 1087 193 1200 225; x_wconf 88' lang='lat' dir='ltr'>CUM</span> <span class='ocrx_word' id='word_1_6' title='bbox 1223 194 1509 226; x_wconf 82' lang='lat' dir='ltr'>VETERIBUS</span> <span class='ocrx_word' id='word_1_7' title='bbox 1533 195 1806 226; x_wconf 78' lang='lat' dir='ltr'>HELVETus</span> 
     </span>
    </p>
   </div>
   <div class='ocr_carea' id='block_1_2' title="bbox 200 350 2015 1127">
    <p class='ocr_par' dir='ltr' id='par_1_2' title="bbox 200 350 2014 806">
     <span class='ocr_line' id='line_1_2' title="bbox 200 350 2010 406; baseline 0.002 -15"><span class='ocrx_word' id='word_1_8' title='bbox 200 350 387 406; x_wconf 91' lang='lat' dir='ltr'>quidem</span> <span class='ocrx_word' id='word_1_9' title='bbox 404 350 485 391; x_wconf 89' lang='lat' dir='ltr'><strong>sibi</strong></span> <span class='ocrx_word' id='word_1_10' title='bbox 504 359 786 406; x_wconf 88' lang='lat' dir='ltr'>persuaserat</span> <span class='ocrx_word' id='word_1_11' title='bbox 801 350 973 391; x_wconf 91' lang='lat' dir='ltr'>eisdem</span> <span class='ocrx_word' id='word_1_12' title='bbox 989 350 1071 391; x_wconf 93' lang='lat' dir='ltr'>illis</span> <span class='ocrx_word' id='word_1_13' title='bbox 1089 352 1190 392; x_wconf 90' lang='lat' dir='ltr'>novi</span> <span class='ocrx_word' id='word_1_14' title='bbox 1207 353 1282 406; x_wconf 94' lang='lat' dir='ltr'>qui</span> <span class='ocrx_word' id='word_1_15' title='bbox 1301 352 1463 392; x_wconf 89' lang='lat' dir='ltr'>dicitur</span> <span class='ocrx_word' id='word_1_16' title='bbox 1478 352 1599 392; x_wconf 89' lang='lat' dir='ltr'>orbis</span> <span class='ocrx_word' id='word_1_17' title='bbox 1614 352 1837 393; x_wconf 90' lang='lat' dir='ltr'>veteribus</span> <span class='ocrx_word' id='word_1_18' title='bbox 1853 353 2010 394; x_wconf 91' lang='lat' dir='ltr'>incolis</span> 
     </span>
     <span class='ocr_line' id='line_1_3' title="bbox 200 417 2010 474; baseline 0.001 -16"><span class='ocrx_word' id='word_1_19' title='bbox 200 418 414 458; x_wconf 92' lang='lat' dir='ltr'>dominos</span> <span class='ocrx_word' id='word_1_20' title='bbox 428 418 702 458; x_wconf 88' lang='lat' dir='ltr'>extrinsecus</span> <span class='ocrx_word' id='word_1_21' title='bbox 717 417 925 457; x_wconf 93' lang='lat' dir='ltr'>advectos</span> <span class='ocrx_word' id='word_1_22' title='bbox 939 417 1092 458; x_wconf 93' lang='lat' dir='ltr'>indole</span> <span class='ocrx_word' id='word_1_23' title='bbox 1107 418 1268 473; x_wconf 92' lang='lat' dir='ltr'>opibus</span> <span class='ocrx_word' id='word_1_24' title='bbox 1283 419 1487 473; x_wconf 90' lang='lat' dir='ltr'>potentia</span> <span class='ocrx_word' id='word_1_25' title='bbox 1499 419 1615 459; x_wconf 90' lang='lat' dir='ltr'>adeo</span> <span class='ocrx_word' id='word_1_26' title='bbox 1630 420 1885 474; x_wconf 87' lang='lat' dir='ltr'>superiores</span> <span class='ocrx_word' id='word_1_27' title='bbox 1899 433 2010 469; x_wconf 89' lang='lat' dir='ltr'>esse,</span> 
     </span>
     <span class='ocr_line' id='line_1_4' title="bbox 200 483 2013 541; baseline 0.002 -16"><span class='ocrx_word' id='word_1_28' title='bbox 200 493 250 526; x_wconf 93' lang='lat' dir='ltr'>ut</span> <span class='ocrx_word' id='word_1_29' title='bbox 267 484 334 525; x_wconf 89' lang='lat' dir='ltr'>his</span> <span class='ocrx_word' id='word_1_30' title='bbox 352 484 411 525; x_wconf 92' lang='lat' dir='ltr'>illi</span> <span class='ocrx_word' id='word_1_31' title='bbox 430 485 578 525; x_wconf 89' lang='lat' dir='ltr'>cuncti</span> <span class='ocrx_word' id='word_1_32' title='bbox 596 483 760 525; x_wconf 87' lang='lat' dir='ltr'><strong>cedere</strong></span> <span class='ocrx_word' id='word_1_33' title='bbox 777 484 1010 534; x_wconf 92' lang='lat' dir='ltr'>deberent,</span> <span class='ocrx_word' id='word_1_34' title='bbox 1031 484 1139 525; x_wconf 92' lang='lat' dir='ltr'>nihil</span> <span class='ocrx_word' id='word_1_35' title='bbox 1155 486 1379 541; x_wconf 92' lang='lat' dir='ltr'>antiquius</span> <span class='ocrx_word' id='word_1_36' title='bbox 1396 485 1553 526; x_wconf 88' lang='lat' dir='ltr'>habuit</span> <span class='ocrx_word' id='word_1_37' title='bbox 1568 499 1704 541; x_wconf 93' lang='lat' dir='ltr'>quam</span> <span class='ocrx_word' id='word_1_38' title='bbox 1722 494 1772 527; x_wconf 94' lang='lat' dir='ltr'>ut</span> <span class='ocrx_word' id='word_1_39' title='bbox 1788 487 2013 528; x_wconf 89' lang='lat' dir='ltr'>evinceret</span> 
     </span>
     <span class='ocr_line' id='line_1_5' title="bbox 200 551 2012 609; baseline 0.001 -17"><span class='ocrx_word' id='word_1_40' title='bbox 200 566 398 607; x_wconf 94' lang='lat' dir='ltr'>aequum</span> <span class='ocrx_word' id='word_1_41' title='bbox 420 565 517 592; x_wconf 93' lang='lat' dir='ltr'>esse</span> <span class='ocrx_word' id='word_1_42' title='bbox 540 551 596 592; x_wconf 90' lang='lat' dir='ltr'>ab</span> <span class='ocrx_word' id='word_1_43' title='bbox 618 552 830 607; x_wconf 89' lang='lat' dir='ltr'>Hispanis</span> <span class='ocrx_word' id='word_1_44' title='bbox 851 552 1071 607; x_wconf 87' lang='lat' dir='ltr'>imprimis</span> <span class='ocrx_word' id='word_1_45' title='bbox 1093 551 1228 592; x_wconf 92' lang='lat' dir='ltr'>Indos</span> <span class='ocrx_word' id='word_1_46' title='bbox 1249 553 1484 593; x_wconf 78' lang='lat' dir='ltr'>Americae</span> <span class='ocrx_word' id='word_1_47' title='bbox 1506 552 1760 608; x_wconf 89' lang='lat' dir='ltr'>primicolas</span> <span class='ocrx_word' id='word_1_48' title='bbox 1782 562 2012 609; x_wconf 86' lang='lat' dir='ltr'><strong>tamquam</strong></span> 
     </span>
     <span class='ocr_line' id='line_1_6' title="bbox 202 618 2010 674; baseline 0.002 -16"><span class='ocrx_word' id='word_1_49' title='bbox 202 627 360 659; x_wconf 92' lang='lat' dir='ltr'>natura</span> <span class='ocrx_word' id='word_1_50' title='bbox 380 618 571 659; x_wconf 89' lang='lat' dir='ltr'>humiles</span> <span class='ocrx_word' id='word_1_51' title='bbox 594 619 714 659; x_wconf 87' lang='lat' dir='ltr'>feros</span> <span class='ocrx_word' id='word_1_52' title='bbox 733 619 937 673; x_wconf 88' lang='lat' dir='ltr'>vitiisque</span> <span class='ocrx_word' id='word_1_53' title='bbox 958 620 1286 659; x_wconf 88' lang='lat' dir='ltr'>contaminatos</span> <span class='ocrx_word' id='word_1_54' title='bbox 1308 619 1427 659; x_wconf 93' lang='lat' dir='ltr'>nulla</span> <span class='ocrx_word' id='word_1_55' title='bbox 1445 620 1711 674; x_wconf 88' lang='lat' dir='ltr'>interposita</span> <span class='ocrx_word' id='word_1_56' title='bbox 1729 620 2010 661; x_wconf 86' lang='lat' dir='ltr'>dubitatione</span> 
     </span>
     <span class='ocr_line' id='line_1_7' title="bbox 201 684 2014 742; baseline 0.001 -17"><span class='ocrx_word' id='word_1_57' title='bbox 201 685 359 740; x_wconf 89' lang='lat' dir='ltr'>subigi,</span> <span class='ocrx_word' id='word_1_58' title='bbox 379 699 472 740; x_wconf 93' lang='lat' dir='ltr'>quo</span> <span class='ocrx_word' id='word_1_59' title='bbox 493 685 663 725; x_wconf 89' lang='lat' dir='ltr'>facilius</span> <span class='ocrx_word' id='word_1_60' title='bbox 682 684 925 740; x_wconf 90' lang='lat' dir='ltr'>perdomiti</span> <span class='ocrx_word' id='word_1_61' title='bbox 945 693 1022 725; x_wconf 91' lang='lat' dir='ltr'>aut</span> <span class='ocrx_word' id='word_1_62' title='bbox 1041 699 1120 725; x_wconf 92' lang='lat' dir='ltr'>sua</span> <span class='ocrx_word' id='word_1_63' title='bbox 1138 694 1300 740; x_wconf 93' lang='lat' dir='ltr'>sponte</span> <span class='ocrx_word' id='word_1_64' title='bbox 1319 686 1467 726; x_wconf 92' lang='lat' dir='ltr'>aut—si</span> <span class='ocrx_word' id='word_1_65' title='bbox 1488 685 1615 726; x_wconf 92' lang='lat' dir='ltr'>aliter</span> <span class='ocrx_word' id='word_1_66' title='bbox 1633 687 1841 741; x_wconf 92' lang='lat' dir='ltr'>nequiret</span> <span class='ocrx_word' id='word_1_67' title='bbox 1858 700 2014 742; x_wconf 90' lang='lat' dir='ltr'>perpe-</span> 
     </span>
     <span class='ocr_line' id='line_1_8' title="bbox 201 751 1621 806; baseline 0.001 -15"><span class='ocrx_word' id='word_1_68' title='bbox 201 753 429 806; x_wconf 88' lang='lat' dir='ltr'>trari—per</span> <span class='ocrx_word' id='word_1_69' title='bbox 447 752 537 791; x_wconf 90' lang='lat' dir='ltr'>vim</span> <span class='ocrx_word' id='word_1_70' title='bbox 557 751 614 791; x_wconf 91' lang='lat' dir='ltr'>ad</span> <span class='ocrx_word' id='word_1_71' title='bbox 635 751 934 791; x_wconf 88' lang='lat' dir='ltr'>Christianam</span> <span class='ocrx_word' id='word_1_72' title='bbox 956 751 1221 806; x_wconf 88' lang='lat' dir='ltr'>religionem</span> <span class='ocrx_word' id='word_1_73' title='bbox 1241 760 1621 792; x_wconf 88' lang='lat' dir='ltr'>converterentur.</span> 
     </span>
    </p>

    <p class='ocr_par' dir='ltr' id='par_1_3' title="bbox 201 818 2015 1127">
     <span class='ocr_line' id='line_1_9' title="bbox 268 818 2013 874; baseline 0.001 -16"><span class='ocrx_word' id='word_1_74' title='bbox 268 818 411 873; x_wconf 81' lang='lat' dir='ltr'>Quod</span> <span class='ocrx_word' id='word_1_75' title='bbox 442 818 628 873; x_wconf 91' lang='lat' dir='ltr'>quidem</span> <span class='ocrx_word' id='word_1_76' title='bbox 660 818 822 873; x_wconf 91' lang='lat' dir='ltr'>quibus</span> <span class='ocrx_word' id='word_1_77' title='bbox 854 818 1082 858; x_wconf 89' lang='lat' dir='ltr'>subductis</span> <span class='ocrx_word' id='word_1_78' title='bbox 1115 818 1360 859; x_wconf 87' lang='lat' dir='ltr'>rationibus</span> <span class='ocrx_word' id='word_1_79' title='bbox 1392 827 1526 874; x_wconf 92' lang='lat' dir='ltr'>atque</span> <span class='ocrx_word' id='word_1_80' title='bbox 1558 818 1732 859; x_wconf 91' lang='lat' dir='ltr'>calculis</span> <span class='ocrx_word' id='word_1_81' title='bbox 1763 819 2013 874; x_wconf 92' lang='lat' dir='ltr'>Sepulveda</span> 
     </span>
     <span class='ocr_line' id='line_1_10' title="bbox 201 885 2010 941; baseline 0.001 -16"><span class='ocrx_word' id='word_1_82' title='bbox 201 886 444 926; x_wconf 90' lang='lat' dir='ltr'>acerrimus</span> <span class='ocrx_word' id='word_1_83' title='bbox 472 899 615 941; x_wconf 94' lang='lat' dir='ltr'>usque</span> <span class='ocrx_word' id='word_1_84' title='bbox 644 886 771 925; x_wconf 92' lang='lat' dir='ltr'>Casai</span> <span class='ocrx_word' id='word_1_85' title='bbox 802 886 1270 941; x_wconf 90' lang='lat' dir='ltr'>pertinacissimusque</span> <span class='ocrx_word' id='word_1_86' title='bbox 1298 885 1572 926; x_wconf 90' lang='lat' dir='ltr'>adversarius</span> <span class='ocrx_word' id='word_1_87' title='bbox 1600 886 1779 941; x_wconf 91' lang='lat' dir='ltr'>probari</span> <span class='ocrx_word' id='word_1_88' title='bbox 1807 886 2010 936; x_wconf 93' lang='lat' dir='ltr'>voluerit,</span> 
     </span>
     <span class='ocr_line' id='line_1_11' title="bbox 201 952 2011 1008; baseline 0 -16"><span class='ocrx_word' id='word_1_89' title='bbox 201 967 305 993; x_wconf 91' lang='lat' dir='ltr'>cum</span> <span class='ocrx_word' id='word_1_90' title='bbox 330 967 386 993; x_wconf 90' lang='lat' dir='ltr'>ex</span> <span class='ocrx_word' id='word_1_91' title='bbox 410 952 503 992; x_wconf 91' lang='lat' dir='ltr'>aliis</span> <span class='ocrx_word' id='word_1_92' title='bbox 529 961 626 992; x_wconf 92' lang='lat' dir='ltr'>tum</span> <span class='ocrx_word' id='word_1_93' title='bbox 650 966 706 992; x_wconf 89' lang='lat' dir='ltr'>ex</span> <span class='ocrx_word' id='word_1_94' title='bbox 730 952 812 992; x_wconf 92' lang='lat' dir='ltr'>hac</span> <span class='ocrx_word' id='word_1_95' title='bbox 837 952 1029 992; x_wconf 89' lang='lat' dir='ltr'>arbitror</span> <span class='ocrx_word' id='word_1_96' title='bbox 1053 952 1198 1007; x_wconf 89' lang='lat' dir='ltr'>colligi</span> <span class='ocrx_word' id='word_1_97' title='bbox 1225 967 1357 1007; x_wconf 91' lang='lat' dir='ltr'>posse</span> <span class='ocrx_word' id='word_1_98' title='bbox 1382 954 1616 1001; x_wconf 85' lang='lat' dir='ltr'>sententia,</span> <span class='ocrx_word' id='word_1_99' title='bbox 1641 967 1777 1007; x_wconf 92' lang='lat' dir='ltr'>quam</span> <span class='ocrx_word' id='word_1_100' title='bbox 1802 954 2011 1008; x_wconf 90' lang='lat' dir='ltr'>scriptam</span> 
     </span>
     <span class='ocr_line' id='line_1_12' title="bbox 201 1018 2015 1073; baseline 0 -15"><span class='ocrx_word' id='word_1_101' title='bbox 201 1019 390 1073; x_wconf 91' lang='lat' dir='ltr'>legimus</span> <span class='ocrx_word' id='word_1_102' title='bbox 415 1019 463 1058; x_wconf 92' lang='lat' dir='ltr'>in</span> <span class='ocrx_word' id='word_1_103' title='bbox 487 1018 602 1058; x_wconf 92' lang='lat' dir='ltr'>illius</span> <span class='ocrx_word' id='word_1_104' title='bbox 626 1018 851 1073; x_wconf 93' lang='lat' dir='ltr'>Apologia</span> <span class='ocrx_word' id='word_1_105' title='bbox 876 1032 959 1073; x_wconf 92' lang='lat' dir='ltr'>pro</span> <span class='ocrx_word' id='word_1_106' title='bbox 985 1032 1043 1058; x_wconf 95' lang='lat' dir='ltr'>eo</span> <span class='ocrx_word' id='word_1_107' title='bbox 1069 1018 1196 1067; x_wconf 92' lang='lat' dir='ltr'>libro,</span> <span class='ocrx_word' id='word_1_108' title='bbox 1223 1032 1359 1073; x_wconf 92' lang='lat' dir='ltr'>quem</span> <span class='ocrx_word' id='word_1_109' title='bbox 1385 1018 1443 1058; x_wconf 93' lang='lat' dir='ltr'>de</span> <span class='ocrx_word' id='word_1_110' title='bbox 1468 1019 1592 1058; x_wconf 92' lang='lat' dir='ltr'>iustis</span> <span class='ocrx_word' id='word_1_111' title='bbox 1616 1018 1718 1058; x_wconf 91' lang='lat' dir='ltr'>belli</span> <span class='ocrx_word' id='word_1_112' title='bbox 1745 1019 1887 1059; x_wconf 90' lang='lat' dir='ltr'>causis</span> <span class='ocrx_word' id='word_1_113' title='bbox 1911 1033 2015 1059; x_wconf 90' lang='lat' dir='ltr'>con-</span> 
     </span>
     <span class='ocr_line' id='line_1_13' title="bbox 202 1086 362 1127; baseline 0.006 -1"><span class='ocrx_word' id='word_1_114' title='bbox 202 1086 362 1127; x_wconf 85' lang='lat' dir='ltr'>fecit:1o</span> 
     </span>
    </p>
   </div>
   <div class='ocr_carea' id='block_1_3' title="bbox 269 1208 1947 1598">
    <p class='ocr_par' dir='ltr' id='par_1_4' title="bbox 269 1208 1947 1598">
     <span class='ocr_line' id='line_1_14' title="bbox 270 1208 1943 1264; baseline 0 -14"><span class='ocrx_word' id='word_1_115' title='bbox 270 1210 389 1250; x_wconf 93' lang='lat' dir='ltr'>Cum</span> <span class='ocrx_word' id='word_1_116' title='bbox 418 1210 554 1264; x_wconf 87' lang='lat' dir='ltr'>igitur</span> <span class='ocrx_word' id='word_1_117' title='bbox 583 1209 700 1249; x_wconf 91' lang='lat' dir='ltr'>duae</span> <span class='ocrx_word' id='word_1_118' title='bbox 728 1209 824 1249; x_wconf 90' lang='lat' dir='ltr'>viae</span> <span class='ocrx_word' id='word_1_119' title='bbox 854 1217 970 1258; x_wconf 92' lang='lat' dir='ltr'>sunt,</span> <span class='ocrx_word' id='word_1_120' title='bbox 1001 1208 1162 1264; x_wconf 90' lang='lat' dir='ltr'>quibus</span> <span class='ocrx_word' id='word_1_121' title='bbox 1192 1208 1249 1249; x_wconf 94' lang='lat' dir='ltr'>ad</span> <span class='ocrx_word' id='word_1_122' title='bbox 1276 1208 1571 1249; x_wconf 90' lang='lat' dir='ltr'>barbarorum</span> <span class='ocrx_word' id='word_1_123' title='bbox 1601 1209 1943 1250; x_wconf 90' lang='lat' dir='ltr'>conversionem</span> 
     </span>
     <span class='ocr_line' id='line_1_15' title="bbox 270 1275 1943 1331; baseline 0 -15"><span class='ocrx_word' id='word_1_124' title='bbox 270 1276 456 1331; x_wconf 90' lang='lat' dir='ltr'>procedi</span> <span class='ocrx_word' id='word_1_125' title='bbox 477 1290 610 1331; x_wconf 93' lang='lat' dir='ltr'>posse</span> <span class='ocrx_word' id='word_1_126' title='bbox 627 1276 843 1324; x_wconf 90' lang='lat' dir='ltr'>videatur,</span> <span class='ocrx_word' id='word_1_127' title='bbox 863 1275 1000 1316; x_wconf 91' lang='lat' dir='ltr'>altera</span> <span class='ocrx_word' id='word_1_128' title='bbox 1018 1290 1099 1330; x_wconf 89' lang='lat' dir='ltr'>per</span> <span class='ocrx_word' id='word_1_129' title='bbox 1117 1277 1417 1316; x_wconf 88' lang='lat' dir='ltr'>monitionem</span> <span class='ocrx_word' id='word_1_130' title='bbox 1436 1276 1581 1316; x_wconf 90' lang='lat' dir='ltr'>solum</span> <span class='ocrx_word' id='word_1_131' title='bbox 1600 1276 1943 1331; x_wconf 91' lang='lat' dir='ltr'>doctrinamque</span> 
     </span>
     <span class='ocr_line' id='line_1_16' title="bbox 269 1341 1945 1397; baseline -0.001 -15"><span class='ocrx_word' id='word_1_132' title='bbox 269 1351 316 1382; x_wconf 92' lang='lat' dir='ltr'>et</span> <span class='ocrx_word' id='word_1_133' title='bbox 332 1342 718 1397; x_wconf 89' lang='lat' dir='ltr'>praedicationem</span> <span class='ocrx_word' id='word_1_134' title='bbox 734 1341 942 1390; x_wconf 88' lang='lat' dir='ltr'>difficilis,</span> <span class='ocrx_word' id='word_1_135' title='bbox 961 1341 1095 1396; x_wconf 92' lang='lat' dir='ltr'>longa</span> <span class='ocrx_word' id='word_1_136' title='bbox 1110 1350 1156 1382; x_wconf 89' lang='lat' dir='ltr'>et</span> <span class='ocrx_word' id='word_1_137' title='bbox 1173 1342 1320 1381; x_wconf 89' lang='lat' dir='ltr'>multis</span> <span class='ocrx_word' id='word_1_138' title='bbox 1338 1342 1543 1396; x_wconf 90' lang='lat' dir='ltr'>periculis</span> <span class='ocrx_word' id='word_1_139' title='bbox 1559 1342 1789 1396; x_wconf 75' lang='lat' dir='ltr'>impedita,</span> <span class='ocrx_word' id='word_1_140' title='bbox 1807 1342 1945 1382; x_wconf 90' lang='lat' dir='ltr'>altera</span> 
     </span>
     <span class='ocr_line' id='line_1_17' title="bbox 270 1407 1947 1463; baseline -0.001 -15"><span class='ocrx_word' id='word_1_141' title='bbox 270 1422 352 1463; x_wconf 90' lang='lat' dir='ltr'>per</span> <span class='ocrx_word' id='word_1_142' title='bbox 373 1408 703 1448; x_wconf 92' lang='lat' dir='ltr'>subiectionem</span> <span class='ocrx_word' id='word_1_143' title='bbox 723 1407 1019 1447; x_wconf 89' lang='lat' dir='ltr'>barbarorum</span> <span class='ocrx_word' id='word_1_144' title='bbox 1042 1407 1191 1456; x_wconf 90' lang='lat' dir='ltr'>facilis,</span> <span class='ocrx_word' id='word_1_145' title='bbox 1213 1407 1357 1447; x_wconf 92' lang='lat' dir='ltr'>brevis</span> <span class='ocrx_word' id='word_1_146' title='bbox 1379 1416 1425 1447; x_wconf 89' lang='lat' dir='ltr'>et</span> <span class='ocrx_word' id='word_1_147' title='bbox 1445 1421 1548 1447; x_wconf 92' lang='lat' dir='ltr'>cum</span> <span class='ocrx_word' id='word_1_148' title='bbox 1571 1407 1719 1448; x_wconf 89' lang='lat' dir='ltr'>multis</span> <span class='ocrx_word' id='word_1_149' title='bbox 1739 1408 1947 1448; x_wconf 90' lang='lat' dir='ltr'>barbaro-</span> 
     </span>
     <span class='ocr_line' id='line_1_18' title="bbox 271 1474 1945 1530; baseline 0 -15"><span class='ocrx_word' id='word_1_150' title='bbox 271 1489 371 1516; x_wconf 89' lang='lat' dir='ltr'>rum</span> <span class='ocrx_word' id='word_1_151' title='bbox 405 1474 804 1515; x_wconf 91' lang='lat' dir='ltr'>commoditatibus</span> <span class='ocrx_word' id='word_1_152' title='bbox 839 1474 1060 1530; x_wconf 88' lang='lat' dir='ltr'>expedita:</span> <span class='ocrx_word' id='word_1_153' title='bbox 1095 1483 1195 1515; x_wconf 90' lang='lat' dir='ltr'>utra</span> <span class='ocrx_word' id='word_1_154' title='bbox 1228 1474 1613 1529; x_wconf 88' lang='lat' dir='ltr'>progrediendum</span> <span class='ocrx_word' id='word_1_155' title='bbox 1647 1475 1715 1524; x_wconf 93' lang='lat' dir='ltr'>sit,</span> <span class='ocrx_word' id='word_1_156' title='bbox 1750 1488 1844 1515; x_wconf 94' lang='lat' dir='ltr'>non</span> <span class='ocrx_word' id='word_1_157' title='bbox 1877 1483 1945 1515; x_wconf 88' lang='lat' dir='ltr'>est</span> 
     </span>
     <span class='ocr_line' id='line_1_19' title="bbox 271 1541 962 1598; baseline -0.001 -15"><span class='ocrx_word' id='word_1_158' title='bbox 271 1542 506 1598; x_wconf 90' lang='lat' dir='ltr'>prudentis</span> <span class='ocrx_word' id='word_1_159' title='bbox 526 1541 723 1582; x_wconf 92' lang='lat' dir='ltr'>hominis</span> <span class='ocrx_word' id='word_1_160' title='bbox 744 1541 962 1582; x_wconf 90' lang='lat' dir='ltr'>dubitare.</span> 
     </span>
    </p>
   </div>
   <div class='ocr_carea' id='block_1_4' title="bbox 201 1657 2016 2186">
    <p class='ocr_par' dir='ltr' id='par_1_5' title="bbox 201 1657 2016 2186">
     <span class='ocr_line' id='line_1_20' title="bbox 202 1657 2015 1719; baseline -0.001 -14"><span class='ocrx_word' id='word_1_161' title='bbox 202 1666 348 1705; x_wconf 90' lang='lat' dir='ltr'>Huius</span> <span class='ocrx_word' id='word_1_162' title='bbox 373 1673 526 1705; x_wconf 90' lang='lat' dir='ltr'>autem</span> <span class='ocrx_word' id='word_1_163' title='bbox 552 1664 727 1719; x_wconf 91' lang='lat' dir='ltr'>periodi</span> <span class='ocrx_word' id='word_1_164' title='bbox 753 1664 951 1704; x_wconf 90' lang='lat' dir='ltr'>editores</span> <span class='ocrx_word' id='word_1_165' title='bbox 975 1678 1001 1704; x_wconf 90' lang='lat' dir='ltr'>a</span> <span class='ocrx_word' id='word_1_166' title='bbox 1025 1678 1097 1704; x_wconf 94' lang='lat' dir='ltr'>me</span> <span class='ocrx_word' id='word_1_167' title='bbox 1122 1657 1324 1704; x_wconf 92' lang='lat' dir='ltr'>laudatill</span> <span class='ocrx_word' id='word_1_168' title='bbox 1353 1663 1460 1704; x_wconf 91' lang='lat' dir='ltr'>nihil</span> <span class='ocrx_word' id='word_1_169' title='bbox 1484 1663 1541 1704; x_wconf 90' lang='lat' dir='ltr'>ad</span> <span class='ocrx_word' id='word_1_170' title='bbox 1564 1663 1757 1704; x_wconf 91' lang='lat' dir='ltr'>eandem</span> <span class='ocrx_word' id='word_1_171' title='bbox 1781 1663 2015 1719; x_wconf 88' lang='lat' dir='ltr'>explanan-</span> 
     </span>
     <span class='ocr_line' id='line_1_21' title="bbox 201 1730 2011 1786; baseline -0.001 -14"><span class='ocrx_word' id='word_1_172' title='bbox 201 1732 307 1772; x_wconf 89' lang='lat' dir='ltr'>dam</span> <span class='ocrx_word' id='word_1_173' title='bbox 325 1739 596 1786; x_wconf 89' lang='lat' dir='ltr'>putaverunt</span> <span class='ocrx_word' id='word_1_174' title='bbox 613 1745 729 1786; x_wconf 93' lang='lat' dir='ltr'>opus</span> <span class='ocrx_word' id='word_1_175' title='bbox 747 1745 844 1771; x_wconf 92' lang='lat' dir='ltr'>esse</span> <span class='ocrx_word' id='word_1_176' title='bbox 863 1732 944 1771; x_wconf 91' lang='lat' dir='ltr'>nisi</span> <span class='ocrx_word' id='word_1_177' title='bbox 964 1739 1170 1785; x_wconf 93' lang='lat' dir='ltr'>septenas</span> <span class='ocrx_word' id='word_1_178' title='bbox 1190 1732 1399 1771; x_wconf 90' lang='lat' dir='ltr'>notiones</span> <span class='ocrx_word' id='word_1_179' title='bbox 1417 1731 1464 1771; x_wconf 91' lang='lat' dir='ltr'>in</span> <span class='ocrx_word' id='word_1_180' title='bbox 1480 1730 1766 1771; x_wconf 91' lang='lat' dir='ltr'>vernaculum</span> <span class='ocrx_word' id='word_1_181' title='bbox 1785 1731 2011 1771; x_wconf 88' lang='lat' dir='ltr'>transferri</span> 
     </span>
     <span class='ocr_line' id='line_1_22' title="bbox 202 1791 2015 1852; baseline -0.001 -14"><span class='ocrx_word' id='word_1_182' title='bbox 202 1791 517 1838; x_wconf 83' lang='lat' dir='ltr'>sermonem.¹²</span> <span class='ocrx_word' id='word_1_183' title='bbox 535 1798 709 1838; x_wconf 90' lang='lat' dir='ltr'>Vereor</span> <span class='ocrx_word' id='word_1_184' title='bbox 727 1806 892 1846; x_wconf 91' lang='lat' dir='ltr'>tamen,</span> <span class='ocrx_word' id='word_1_185' title='bbox 911 1806 962 1837; x_wconf 94' lang='lat' dir='ltr'>ut</span> <span class='ocrx_word' id='word_1_186' title='bbox 979 1798 1182 1852; x_wconf 89' lang='lat' dir='ltr'>effugere</span> <span class='ocrx_word' id='word_1_187' title='bbox 1201 1798 1461 1852; x_wconf 90' lang='lat' dir='ltr'>quempiam</span> <span class='ocrx_word' id='word_1_188' title='bbox 1480 1797 1632 1852; x_wconf 92' lang='lat' dir='ltr'>possit,</span> <span class='ocrx_word' id='word_1_189' title='bbox 1652 1797 1777 1837; x_wconf 88' lang='lat' dir='ltr'>cuius</span> <span class='ocrx_word' id='word_1_190' title='bbox 1795 1796 1853 1837; x_wconf 91' lang='lat' dir='ltr'>ad</span> <span class='ocrx_word' id='word_1_191' title='bbox 1870 1811 2015 1837; x_wconf 89' lang='lat' dir='ltr'>exem-</span> 
     </span>
     <span class='ocr_line' id='line_1_23' title="bbox 203 1864 2013 1921; baseline -0.001 -15"><span class='ocrx_word' id='word_1_192' title='bbox 203 1865 298 1921; x_wconf 93' lang='lat' dir='ltr'>plar</span> <span class='ocrx_word' id='word_1_193' title='bbox 321 1865 572 1921; x_wconf 91' lang='lat' dir='ltr'>Sepulveda</span> <span class='ocrx_word' id='word_1_194' title='bbox 595 1864 683 1905; x_wconf 93' lang='lat' dir='ltr'>hoc</span> <span class='ocrx_word' id='word_1_195' title='bbox 708 1865 809 1905; x_wconf 93' lang='lat' dir='ltr'>loco</span> <span class='ocrx_word' id='word_1_196' title='bbox 835 1864 1080 1920; x_wconf 87' lang='lat' dir='ltr'>legentium</span> <span class='ocrx_word' id='word_1_197' title='bbox 1105 1865 1279 1905; x_wconf 92' lang='lat' dir='ltr'>animos</span> <span class='ocrx_word' id='word_1_198' title='bbox 1303 1864 1548 1905; x_wconf 91' lang='lat' dir='ltr'>intenderit</span> <span class='ocrx_word' id='word_1_199' title='bbox 1571 1864 1801 1904; x_wconf 90' lang='lat' dir='ltr'>advertere</span> <span class='ocrx_word' id='word_1_200' title='bbox 1827 1864 2013 1904; x_wconf 92' lang='lat' dir='ltr'>nomine</span> 
     </span>
     <span class='ocr_line' id='line_1_24' title="bbox 202 1930 2013 1988; baseline -0.001 -14"><span class='ocrx_word' id='word_1_201' title='bbox 202 1933 368 1974; x_wconf 91' lang='lat' dir='ltr'>scilicet</span> <span class='ocrx_word' id='word_1_202' title='bbox 382 1932 661 1974; x_wconf 91' lang='lat' dir='ltr'>celeberrimi</span> <span class='ocrx_word' id='word_1_203' title='bbox 679 1933 906 1988; x_wconf 81' lang='lat' dir='ltr'>scriptoris</span> <span class='ocrx_word' id='word_1_204' title='bbox 923 1933 1090 1973; x_wconf 90' lang='lat' dir='ltr'>naviter</span> <span class='ocrx_word' id='word_1_205' title='bbox 1105 1933 1286 1973; x_wconf 90' lang='lat' dir='ltr'>omisso.</span> <span class='ocrx_word' id='word_1_206' title='bbox 1304 1933 1479 1973; x_wconf 89' lang='lat' dir='ltr'>Etenim</span> <span class='ocrx_word' id='word_1_207' title='bbox 1495 1932 1659 1972; x_wconf 92' lang='lat' dir='ltr'>Caesar</span> <span class='ocrx_word' id='word_1_208' title='bbox 1675 1932 1822 1987; x_wconf 92' lang='lat' dir='ltr'>primo</span> <span class='ocrx_word' id='word_1_209' title='bbox 1837 1932 1885 1972; x_wconf 93' lang='lat' dir='ltr'>in</span> <span class='ocrx_word' id='word_1_210' title='bbox 1899 1930 2013 1972; x_wconf 92' lang='lat' dir='ltr'>libro</span> 
     </span>
     <span class='ocr_line' id='line_1_25' title="bbox 202 1998 2013 2053; baseline -0.001 -13"><span class='ocrx_word' id='word_1_211' title='bbox 202 2001 637 2040; x_wconf 86' lang='lat' dir='ltr'>commentariorum</span> <span class='ocrx_word' id='word_1_212' title='bbox 658 1999 716 2039; x_wconf 92' lang='lat' dir='ltr'>de</span> <span class='ocrx_word' id='word_1_213' title='bbox 736 1999 855 2039; x_wconf 93' lang='lat' dir='ltr'>bello</span> <span class='ocrx_word' id='word_1_214' title='bbox 878 1999 1061 2048; x_wconf 90' lang='lat' dir='ltr'>Gallico,</span> <span class='ocrx_word' id='word_1_215' title='bbox 1084 2008 1323 2053; x_wconf 92' lang='lat' dir='ltr'>postquam</span> <span class='ocrx_word' id='word_1_216' title='bbox 1345 1999 1402 2039; x_wconf 95' lang='lat' dir='ltr'>de</span> <span class='ocrx_word' id='word_1_217' title='bbox 1424 1998 1734 2039; x_wconf 86' lang='lat' dir='ltr'>Helvetiorum</span> <span class='ocrx_word' id='word_1_218' title='bbox 1754 1998 1856 2038; x_wconf 95' lang='lat' dir='ltr'>belli</span> <span class='ocrx_word' id='word_1_219' title='bbox 1878 1999 2013 2038; x_wconf 88' lang='lat' dir='ltr'>initiis</span> 
     </span>
     <span class='ocr_line' id='line_1_26' title="bbox 202 2064 2016 2120; baseline -0.001 -15"><span class='ocrx_word' id='word_1_220' title='bbox 202 2067 355 2120; x_wconf 91' lang='lat' dir='ltr'>coepit</span> <span class='ocrx_word' id='word_1_221' title='bbox 371 2066 553 2114; x_wconf 86' lang='lat' dir='ltr'>referre,</span> <span class='ocrx_word' id='word_1_222' title='bbox 571 2065 750 2105; x_wconf 89' lang='lat' dir='ltr'>illorum</span> <span class='ocrx_word' id='word_1_223' title='bbox 768 2065 928 2105; x_wconf 91' lang='lat' dir='ltr'>relictis</span> <span class='ocrx_word' id='word_1_224' title='bbox 945 2065 1110 2105; x_wconf 90' lang='lat' dir='ltr'>finibus</span> <span class='ocrx_word' id='word_1_225' title='bbox 1126 2066 1214 2104; x_wconf 92' lang='lat' dir='ltr'>suis</span> <span class='ocrx_word' id='word_1_226' title='bbox 1229 2066 1277 2104; x_wconf 93' lang='lat' dir='ltr'>in</span> <span class='ocrx_word' id='word_1_227' title='bbox 1291 2066 1542 2104; x_wconf 90' lang='lat' dir='ltr'>Romanam</span> <span class='ocrx_word' id='word_1_228' title='bbox 1559 2065 1833 2118; x_wconf 90' lang='lat' dir='ltr'>provinciam</span> <span class='ocrx_word' id='word_1_229' title='bbox 1848 2064 2016 2103; x_wconf 86' lang='lat' dir='ltr'>invasu-</span> 
     </span>
     <span class='ocr_line' id='line_1_27' title="bbox 204 2123 1525 2186; baseline -0.002 -14"><span class='ocrx_word' id='word_1_230' title='bbox 204 2145 359 2172; x_wconf 92' lang='lat' dir='ltr'>rorum</span> <span class='ocrx_word' id='word_1_231' title='bbox 380 2145 533 2172; x_wconf 90' lang='lat' dir='ltr'>causas</span> <span class='ocrx_word' id='word_1_232' title='bbox 553 2131 937 2186; x_wconf 90' lang='lat' dir='ltr'>condicionesque</span> <span class='ocrx_word' id='word_1_233' title='bbox 958 2131 1078 2171; x_wconf 92' lang='lat' dir='ltr'>hisce</span> <span class='ocrx_word' id='word_1_234' title='bbox 1098 2131 1241 2171; x_wconf 89' lang='lat' dir='ltr'>verbis</span> <span class='ocrx_word' id='word_1_235' title='bbox 1262 2123 1525 2171; x_wconf 77' lang='lat' dir='ltr'>describitz¹³</span> 
     </span>
    </p>
   </div>
   <div class='ocr_carea' id='block_1_5' title="bbox 271 2252 1946 2512">
    <p class='ocr_par' dir='ltr' id='par_1_6' title="bbox 271 2252 1946 2512">
     <span class='ocr_line' id='line_1_28' title="bbox 272 2252 1943 2308; baseline -0.001 -14"><span class='ocrx_word' id='word_1_236' title='bbox 272 2254 407 2294; x_wconf 91' lang='lat' dir='ltr'>Erant</span> <span class='ocrx_word' id='word_1_237' title='bbox 433 2254 624 2294; x_wconf 90' lang='lat' dir='ltr'>omnino</span> <span class='ocrx_word' id='word_1_238' title='bbox 653 2254 814 2294; x_wconf 89' lang='lat' dir='ltr'>itinera</span> <span class='ocrx_word' id='word_1_239' title='bbox 840 2253 948 2302; x_wconf 91' lang='lat' dir='ltr'>duo,</span> <span class='ocrx_word' id='word_1_240' title='bbox 977 2253 1139 2308; x_wconf 92' lang='lat' dir='ltr'>quibus</span> <span class='ocrx_word' id='word_1_241' title='bbox 1166 2252 1399 2293; x_wconf 91' lang='lat' dir='ltr'>itineribus</span> <span class='ocrx_word' id='word_1_242' title='bbox 1426 2252 1568 2293; x_wconf 91' lang='lat' dir='ltr'>domo</span> <span class='ocrx_word' id='word_1_243' title='bbox 1597 2252 1718 2292; x_wconf 89' lang='lat' dir='ltr'>exire</span> <span class='ocrx_word' id='word_1_244' title='bbox 1746 2259 1943 2307; x_wconf 87' lang='lat' dir='ltr'>possent:</span> 
     </span>
     <span class='ocr_line' id='line_1_29' title="bbox 271 2320 1946 2376; baseline -0.002 -14"><span class='ocrx_word' id='word_1_245' title='bbox 271 2335 414 2362; x_wconf 92' lang='lat' dir='ltr'>unum</span> <span class='ocrx_word' id='word_1_246' title='bbox 439 2335 520 2376; x_wconf 90' lang='lat' dir='ltr'>per</span> <span class='ocrx_word' id='word_1_247' title='bbox 542 2321 788 2376; x_wconf 92' lang='lat' dir='ltr'>Sequanos,</span> <span class='ocrx_word' id='word_1_248' title='bbox 812 2329 1051 2376; x_wconf 91' lang='lat' dir='ltr'>angustum</span> <span class='ocrx_word' id='word_1_249' title='bbox 1074 2329 1120 2361; x_wconf 89' lang='lat' dir='ltr'>et</span> <span class='ocrx_word' id='word_1_250' title='bbox 1141 2320 1338 2369; x_wconf 85' lang='lat' dir='ltr'>difficile,</span> <span class='ocrx_word' id='word_1_251' title='bbox 1362 2320 1479 2360; x_wconf 90' lang='lat' dir='ltr'>inter</span> <span class='ocrx_word' id='word_1_252' title='bbox 1503 2328 1706 2360; x_wconf 91' lang='lat' dir='ltr'>montem</span> <span class='ocrx_word' id='word_1_253' title='bbox 1729 2320 1876 2359; x_wconf 93' lang='lat' dir='ltr'>Iuram</span> <span class='ocrx_word' id='word_1_254' title='bbox 1900 2327 1946 2359; x_wconf 93' lang='lat' dir='ltr'>et</span> 
     </span>
     <span class='ocr_line' id='line_1_30' title="bbox 273 2387 1946 2444; baseline -0.002 -14"><span class='ocrx_word' id='word_1_255' title='bbox 273 2389 445 2430; x_wconf 82' lang='lat' dir='ltr'>flumen</span> <span class='ocrx_word' id='word_1_256' title='bbox 472 2388 759 2438; x_wconf 91' lang='lat' dir='ltr'>Rhodanum,</span> <span class='ocrx_word' id='word_1_257' title='bbox 787 2389 857 2430; x_wconf 93' lang='lat' dir='ltr'>vix</span> <span class='ocrx_word' id='word_1_258' title='bbox 882 2403 971 2444; x_wconf 92' lang='lat' dir='ltr'>qua</span> <span class='ocrx_word' id='word_1_259' title='bbox 997 2388 1155 2444; x_wconf 89' lang='lat' dir='ltr'>singuli</span> <span class='ocrx_word' id='word_1_260' title='bbox 1183 2388 1293 2429; x_wconf 90' lang='lat' dir='ltr'>carri</span> <span class='ocrx_word' id='word_1_261' title='bbox 1322 2387 1608 2437; x_wconf 85' lang='lat' dir='ltr'>ducerentur,</span> <span class='ocrx_word' id='word_1_262' title='bbox 1637 2401 1767 2428; x_wconf 91' lang='lat' dir='ltr'>mons</span> <span class='ocrx_word' id='word_1_263' title='bbox 1794 2395 1946 2427; x_wconf 91' lang='lat' dir='ltr'>autem</span> 
     </span>
     <span class='ocr_line' id='line_1_31' title="bbox 272 2455 1944 2512; baseline -0.002 -14"><span class='ocrx_word' id='word_1_264' title='bbox 272 2457 508 2498; x_wconf 91' lang='lat' dir='ltr'>altissimus</span> <span class='ocrx_word' id='word_1_265' title='bbox 523 2457 830 2512; x_wconf 88' lang='lat' dir='ltr'>impendebat,</span> <span class='ocrx_word' id='word_1_266' title='bbox 846 2465 896 2497; x_wconf 90' lang='lat' dir='ltr'>ut</span> <span class='ocrx_word' id='word_1_267' title='bbox 912 2456 1038 2497; x_wconf 92' lang='lat' dir='ltr'>facile</span> <span class='ocrx_word' id='word_1_268' title='bbox 1055 2457 1265 2511; x_wconf 88' lang='lat' dir='ltr'>perpauci</span> <span class='ocrx_word' id='word_1_269' title='bbox 1284 2455 1525 2511; x_wconf 91' lang='lat' dir='ltr'>prohibere</span> <span class='ocrx_word' id='word_1_270' title='bbox 1542 2463 1739 2510; x_wconf 90' lang='lat' dir='ltr'>possent;</span> <span class='ocrx_word' id='word_1_271' title='bbox 1755 2455 1944 2495; x_wconf 91' lang='lat' dir='ltr'>alterum</span> 
     </span>
    </p>
   </div>
   <div class='ocr_carea' id='block_1_6' title="bbox 203 2685 2014 2791">
    <p class='ocr_par' dir='ltr' id='par_1_7' title="bbox 203 2685 2014 2791">
     <span class='ocr_line' id='line_1_32' title="bbox 285 2685 2014 2736; baseline -0.002 -12"><span class='ocrx_word' id='word_1_272' title='bbox 285 2685 315 2707; x_wconf 91' lang='lat'>¹⁰</span> <span class='ocrx_word' id='word_1_273' title='bbox 340 2690 513 2724; x_wconf 89' lang='lat' dir='ltr'>Eandem</span> <span class='ocrx_word' id='word_1_274' title='bbox 539 2690 706 2724; x_wconf 91' lang='lat' dir='ltr'>exhibeo</span> <span class='ocrx_word' id='word_1_275' title='bbox 732 2689 975 2730; x_wconf 88' lang='lat' dir='ltr'>sententiam,</span> <span class='ocrx_word' id='word_1_276' title='bbox 1002 2701 1118 2736; x_wconf 90' lang='lat' dir='ltr'>quam</span> <span class='ocrx_word' id='word_1_277' title='bbox 1144 2689 1291 2736; x_wconf 92' lang='lat' dir='ltr'>primus</span> <span class='ocrx_word' id='word_1_278' title='bbox 1318 2688 1479 2735; x_wconf 89' lang='lat' dir='ltr'>protulit</span> <span class='ocrx_word' id='word_1_279' title='bbox 1504 2687 1661 2722; x_wconf 74' lang='lat' dir='ltr'>Schafer</span> <span class='ocrx_word' id='word_1_280' title='bbox 1686 2687 1733 2731; x_wconf 90' lang='grc' dir='ltr'>(ν.</span> <span class='ocrx_word' id='word_1_281' title='bbox 1761 2699 1797 2721; x_wconf 91' lang='lat' dir='ltr'>n.</span> <span class='ocrx_word' id='word_1_282' title='bbox 1825 2685 1859 2728; x_wconf 94' lang='lat'>7,</span> <span class='ocrx_word' id='word_1_283' title='bbox 1885 2698 1922 2734; x_wconf 93' lang='lat' dir='ltr'>p.</span> <span class='ocrx_word' id='word_1_284' title='bbox 1949 2685 2014 2730; x_wconf 87' lang='lat'>86)</span> 
     </span>
     <span class='ocr_line' id='line_1_33' title="bbox 203 2740 1994 2791; baseline -0.002 -13"><span class='ocrx_word' id='word_1_285' title='bbox 203 2756 400 2791; x_wconf 91' lang='lat' dir='ltr'>quamque</span> <span class='ocrx_word' id='word_1_286' title='bbox 418 2744 524 2777; x_wconf 92' lang='lat' dir='ltr'>idem</span> <span class='ocrx_word' id='word_1_287' title='bbox 542 2755 622 2777; x_wconf 91' lang='lat' dir='ltr'>una</span> <span class='ocrx_word' id='word_1_288' title='bbox 639 2755 728 2777; x_wconf 91' lang='lat' dir='ltr'>cum</span> <span class='ocrx_word' id='word_1_289' title='bbox 746 2743 868 2776; x_wconf 88' lang='lat' dir='ltr'>altero</span> <span class='ocrx_word' id='word_1_290' title='bbox 886 2743 1031 2789; x_wconf 82' lang='lat' dir='ltr'>collega</span> <span class='ocrx_word' id='word_1_291' title='bbox 1048 2742 1191 2776; x_wconf 84' lang='lat' dir='ltr'>curavit</span> <span class='ocrx_word' id='word_1_292' title='bbox 1207 2742 1349 2775; x_wconf 91' lang='lat' dir='ltr'>iterum</span> <span class='ocrx_word' id='word_1_293' title='bbox 1366 2741 1667 2788; x_wconf 90' lang='lat' dir='ltr'>imprimendam</span> <span class='ocrx_word' id='word_1_294' title='bbox 1685 2741 1732 2784; x_wconf 87' lang='lat' dir='ltr'>(v.</span> <span class='ocrx_word' id='word_1_295' title='bbox 1752 2752 1789 2774; x_wconf 92' lang='lat' dir='ltr'>n.</span> <span class='ocrx_word' id='word_1_296' title='bbox 1808 2740 1843 2781; x_wconf 92' lang='lat'>8,</span> <span class='ocrx_word' id='word_1_297' title='bbox 1861 2752 1899 2787; x_wconf 90' lang='lat' dir='ltr'>p.</span> <span class='ocrx_word' id='word_1_298' title='bbox 1921 2740 1994 2783; x_wconf 89' lang='lat'>15).</span> 
     </span>
    </p>
   </div>
   <div class='ocr_carea' id='block_1_7' title="bbox 203 2797 2014 3015">
    <p class='ocr_par' dir='ltr' id='par_1_8' title="bbox 203 2797 2014 3015">
     <span class='ocr_line' id='line_1_34' title="bbox 285 2797 2013 2848; baseline -0.002 -13"><span class='ocrx_word' id='word_1_299' title='bbox 285 2797 312 2818; x_wconf 91' lang='lat'>¹¹</span> <span class='ocrx_word' id='word_1_300' title='bbox 330 2802 392 2835; x_wconf 86' lang='lat' dir='ltr'>Ad</span> <span class='ocrx_word' id='word_1_301' title='bbox 408 2802 521 2848; x_wconf 91' lang='lat' dir='ltr'>plura</span> <span class='ocrx_word' id='word_1_302' title='bbox 536 2801 775 2848; x_wconf 88' lang='lat' dir='ltr'>Sepulvedae</span> <span class='ocrx_word' id='word_1_303' title='bbox 792 2801 932 2847; x_wconf 82' lang='lat' dir='ltr'>scripta</span> <span class='ocrx_word' id='word_1_304' title='bbox 948 2800 1081 2834; x_wconf 84' lang='lat' dir='ltr'>Latina</span> <span class='ocrx_word' id='word_1_305' title='bbox 1097 2812 1188 2833; x_wconf 88' lang='lat' dir='ltr'>mox</span> <span class='ocrx_word' id='word_1_306' title='bbox 1203 2800 1358 2833; x_wconf 90' lang='lat' dir='ltr'>edenda</span> <span class='ocrx_word' id='word_1_307' title='bbox 1373 2799 1420 2833; x_wconf 89' lang='lat' dir='ltr'>cf.</span> <span class='ocrx_word' id='word_1_308' title='bbox 1437 2811 1493 2840; x_wconf 88' lang='lat' dir='ltr'>ea,</span> <span class='ocrx_word' id='word_1_309' title='bbox 1510 2811 1609 2845; x_wconf 86' lang='lat' dir='ltr'>quae</span> <span class='ocrx_word' id='word_1_310' title='bbox 1626 2798 1895 2832; x_wconf 86' lang='lat' dir='ltr'>Pietschmann</span> <span class='ocrx_word' id='word_1_311' title='bbox 1911 2798 1959 2841; x_wconf 89' lang='grc' dir='ltr'>(ν.</span> <span class='ocrx_word' id='word_1_312' title='bbox 1976 2809 2013 2831; x_wconf 90' lang='lat' dir='ltr'>n.</span> 
     </span>
     <span class='ocr_line' id='line_1_35' title="bbox 203 2854 450 2888; baseline -0.004 -26"><span class='ocrx_word' id='word_1_313' title='bbox 203 2855 226 2888; x_wconf 81' lang='lat'><strong>9</strong></span> <span class='ocrx_word' id='word_1_314' title='bbox 262 2854 269 2862; x_wconf 90' lang='lat'>.</span> <span class='ocrx_word' id='word_1_315' title='bbox 333 2854 340 2861; x_wconf 92' lang='lat'>.</span> <span class='ocrx_word' id='word_1_316' title='bbox 412 2854 420 2861; x_wconf 91' lang='lat'>.</span> <span class='ocrx_word' id='word_1_317' title='bbox 442 2881 450 2888; x_wconf 34' lang='grc' dir='ltr'>ι</span> 
     </span>
     <span class='ocr_line' id='line_1_36' title="bbox 230 2855 2014 2959; baseline -0.003 -12"><span class='ocrx_word' id='word_1_318' title='bbox 230 2855 242 2898; x_wconf 76' lang='lat'>)</span> <span class='ocrx_word' id='word_1_319' title='bbox 261 2855 488 2947; x_wconf 48' lang='lat' dir='ltr'>&#39;‘1¹3¹chgtfer</span> <span class='ocrx_word' id='word_1_320' title='bbox 503 2920 543 2947; x_wconf 89' lang='lat' dir='ltr'>et</span> <span class='ocrx_word' id='word_1_321' title='bbox 557 2912 721 2947; x_wconf 91' lang='lat' dir='ltr'>Klowski</span> <span class='ocrx_word' id='word_1_322' title='bbox 738 2912 785 2956; x_wconf 89' lang='grc' dir='ltr'>(ν.</span> <span class='ocrx_word' id='word_1_323' title='bbox 802 2923 839 2946; x_wconf 89' lang='lat' dir='ltr'>n.</span> <span class='ocrx_word' id='word_1_324' title='bbox 856 2911 890 2952; x_wconf 89' lang='lat'>8,</span> <span class='ocrx_word' id='word_1_325' title='bbox 906 2923 944 2959; x_wconf 94' lang='lat' dir='ltr'>p.</span> <span class='ocrx_word' id='word_1_326' title='bbox 965 2911 1036 2955; x_wconf 89' lang='lat'>15).</span> <span class='ocrx_word' id='word_1_327' title='bbox 1052 2910 1237 2945; x_wconf 88' lang='lat' dir='ltr'>Triennio</span> <span class='ocrx_word' id='word_1_328' title='bbox 1253 2918 1341 2945; x_wconf 88' lang='lat' dir='ltr'>ante</span> <span class='ocrx_word' id='word_1_329' title='bbox 1357 2910 1514 2945; x_wconf 74' lang='lat' dir='ltr'>Schafer</span> <span class='ocrx_word' id='word_1_330' title='bbox 1529 2910 1576 2954; x_wconf 90' lang='grc' dir='ltr'>(ν.</span> <span class='ocrx_word' id='word_1_331' title='bbox 1593 2921 1630 2944; x_wconf 85' lang='grc' dir='ltr'>η.</span> <span class='ocrx_word' id='word_1_332' title='bbox 1647 2908 1681 2951; x_wconf 88' lang='grc'>7,</span> <span class='ocrx_word' id='word_1_333' title='bbox 1697 2921 1734 2957; x_wconf 93' lang='lat' dir='ltr'>p.</span> <span class='ocrx_word' id='word_1_334' title='bbox 1751 2908 1816 2954; x_wconf 89' lang='lat'>86)</span> <span class='ocrx_word' id='word_1_335' title='bbox 1832 2920 1912 2943; x_wconf 90' lang='lat' dir='ltr'>non</span> <span class='ocrx_word' id='word_1_336' title='bbox 1928 2908 2014 2956; x_wconf 87' lang='lat' dir='ltr'>plus</span> 
     </span>
     <span class='ocr_line' id='line_1_37' title="bbox 203 2965 1233 3015; baseline -0.003 -14"><span class='ocrx_word' id='word_1_337' title='bbox 203 2979 321 3015; x_wconf 89' lang='lat' dir='ltr'>quam</span> <span class='ocrx_word' id='word_1_338' title='bbox 339 2967 421 3001; x_wconf 93' lang='lat' dir='ltr'>duo</span> <span class='ocrx_word' id='word_1_339' title='bbox 438 2966 623 3000; x_wconf 89' lang='lat' dir='ltr'>vocabula</span> <span class='ocrx_word' id='word_1_340' title='bbox 640 2965 871 3000; x_wconf 87' lang='lat' dir='ltr'>Germanice</span> <span class='ocrx_word' id='word_1_341' title='bbox 891 2973 1041 2999; x_wconf 89' lang='lat' dir='ltr'>tantum</span> <span class='ocrx_word' id='word_1_342' title='bbox 1058 2972 1233 2998; x_wconf 87' lang='lat' dir='ltr'>verterat.</span> 
     </span>
    </p>
   </div>
   <div class='ocr_carea' id='block_1_8' title="bbox 286 3020 1406 3071">
    <p class='ocr_par' dir='ltr' id='par_1_9' title="bbox 286 3020 1406 3071">
     <span class='ocr_line' id='line_1_38' title="bbox 286 3020 1406 3071; baseline -0.003 -11"><span class='ocrx_word' id='word_1_343' title='bbox 286 3020 315 3042; x_wconf 78' lang='lat'>¹³</span> <span class='ocrx_word' id='word_1_344' title='bbox 332 3025 418 3060; x_wconf 83' lang='lat' dir='ltr'>Bell.</span> <span class='ocrx_word' id='word_1_345' title='bbox 438 3025 532 3060; x_wconf 85' lang='lat' dir='ltr'>Gall.</span> <span class='ocrx_word' id='word_1_346' title='bbox 556 3025 701 3061; x_wconf 85' lang='lat'>1.6.1-2</span> <span class='ocrx_word' id='word_1_347' title='bbox 720 3024 782 3059; x_wconf 90' lang='lat' dir='ltr'>ed.</span> <span class='ocrx_word' id='word_1_348' title='bbox 800 3024 856 3058; x_wconf 90' lang='lat' dir='ltr'>W.</span> <span class='ocrx_word' id='word_1_349' title='bbox 875 3023 1026 3070; x_wconf 89' lang='lat' dir='ltr'>Hering</span> <span class='ocrx_word' id='word_1_350' title='bbox 1042 3023 1219 3071; x_wconf 87' lang='lat' dir='ltr'>(Lipsiae,</span> <span class='ocrx_word' id='word_1_351' title='bbox 1242 3021 1354 3067; x_wconf 89' lang='grc'>1987)</span> <span class='ocrx_word' id='word_1_352' title='bbox 1372 3023 1406 3057; x_wconf 84' lang='grc'>3.</span> 
     </span>
    </p>
   </div>
  </div>
 </body>
</html>
