2106 3458
221 211 310 251 638

509 219 984 251 BARTHOLOMAEUS
1008 219 1381 252 COLONIENSIS:
1408 220 1527 252 Two
1553 219 1741 252 FABLES

491 379 602 419 Risit
620 387 667 418 et
685 379 733 418 in
752 378 917 433 gallum
937 378 1126 418 subdola
1145 379 1285 419 uerba
1304 379 1442 419 dedit:

425 445 592 494 “Galle,
614 445 752 486 decus
772 445 1024 494 uolucrum,
1047 454 1245 486 nostram
1267 459 1385 486 nunc
1405 446 1557 501 accipe
1579 454 1779 487 mentem

489 512 685 553 Auribus
706 513 886 552 arrectis
907 512 1136 567 uerbaque
1158 521 1310 553 nostra
1327 512 1445 553 bibe:

424 579 536 619 Ecce
558 593 639 633 per
658 578 893 618 umbrosas
913 578 1057 627 siluas,
1079 593 1160 633 per
1179 579 1406 633 inhospita
1426 588 1594 633 tesqua,

492 645 575 685 Per
594 644 731 684 ualles
751 645 875 693 imas,
898 658 979 699 per
998 645 1102 699 iuga
1121 644 1237 685 celsa
1256 646 1337 685 rui.

424 711 477 751 Et
496 710 735 751 uolucrum
756 710 944 750 citharas
965 718 1011 750 et
1030 710 1176 750 dulcia
1195 710 1457 751 acanthidos
1476 724 1557 750 ora

492 777 815 832 Lusciniaeque
835 776 993 832 chelyn
1012 777 1188 832 saepius
1209 791 1316 817 aure
1335 777 1442 827 bibi,

424 844 513 885 Sed
534 844 611 884 tibi
634 844 894 884 dulcisonae
914 844 1134 893 uolucres,
1157 858 1229 884 me
1250 844 1412 893 iudice,
1433 844 1613 893 cedunt,

490 912 548 952 Vt
568 911 689 952 cedit
707 911 944 966 querrulae
966 925 1098 952 rauca
1117 912 1262 952 cicuta
1280 911 1438 966 lyrae.''

423 978 546 1019 Talia
565 978 641 1018 ubi
663 978 786 1027 dixit,
808 979 1010 1018 cristatus
1031 977 1200 1018 rettulit
1219 977 1320 1018 ales:

493 1045 565 1085 “O
587 1044 760 1099 uulpes,
783 1045 945 1084 merito
966 1045 1164 1084 carmina
1184 1045 1455 1099 magnificas,

425 1112 583 1167 Quom
603 1120 737 1152 cantu
757 1125 980 1167 exsupero
1002 1111 1260 1152 moribundi
1282 1120 1431 1167 gutter
1450 1111 1587 1152 oloris

493 1180 584 1235 Qui
607 1179 870 1220 Phaetontei
892 1187 1047 1234 stagna
1066 1179 1172 1219 colit
1192 1179 1332 1228 fluuii,

426 1247 478 1287 Et
499 1246 607 1287 mihi
630 1246 886 1287 multiforae
905 1246 1010 1286 buxi
1034 1245 1341 1286 modulamina
1360 1246 1528 1286 cedunt

493 1314 625 1367 Quae
647 1313 788 1367 Phryx
808 1313 973 1352 tibicen
993 1313 1153 1367 pollice
1174 1321 1220 1352 et
1239 1327 1319 1352 ore
1341 1321 1510 1352 mouet.

426 1380 613 1420 Bistonii
635 1380 749 1419 uatis
770 1379 1003 1434 plectrum,
1025 1379 1151 1434 quod
1171 1378 1295 1419 leniit
1315 1379 1487 1419 Orcum

491 1447 887 1501 Anguicomasque
908 1446 1028 1495 deas,
1050 1460 1131 1486 ora
1151 1460 1252 1486 mea
1271 1454 1552 1500 exsuperant.

426 1513 587 1554 Fistula
606 1527 722 1568 quae
743 1527 928 1553 somnos
947 1514 1105 1568 Argeis
1126 1514 1261 1553 suasit
1280 1512 1444 1562 ocellis,

493 1581 599 1621 Non
620 1581 788 1635 poterit
808 1580 1002 1620 modulis
1023 1580 1307 1634 aequiualere
1329 1581 1452 1620 meis.

427 1648 558 1701 Quae
580 1660 763 1701 proram
784 1654 980 1686 aeratam
1001 1646 1194 1700 scopulis
1213 1646 1429 1686 Acheloia
1448 1646 1597 1700 proles

494 1712 733 1753 Cantando
754 1713 945 1767 impinit,
969 1726 1041 1752 me
1063 1720 1302 1752 resonante
1324 1720 1451 1752 tacet.

427 1780 479 1820 Et
499 1779 588 1835 lyra
608 1793 723 1835 quae
745 1779 921 1819 tumido
942 1778 1156 1834 delphina
1176 1778 1258 1819 sub
1278 1792 1476 1834 aequore
1498 1779 1626 1827 fouit,

495 1847 672 1887 Cedere
693 1846 963 1887 carminibus
983 1847 1159 1902 cogitur
1178 1846 1250 1887 illa
1270 1847 1393 1887 meis.

425 1915 526 1955 Vox
546 1929 648 1954 mea
667 1915 967 1969 semicaprum
988 1915 1106 1954 Pana
1124 1923 1170 1954 et
1190 1913 1383 1968 Dryadas
1404 1914 1669 1968 Satyrosque

495 1981 773 2036 Capripedes
795 1981 961 2021 mulcet
979 1982 1176 2021 carmine
1197 1981 1426 2021 dulcifluo.

426 2049 577 2088 Aurea
597 2048 765 2102 plectra
784 2062 894 2102 gero
915 2049 1013 2102 quis
1035 2048 1323 2087 subterranea
1344 2061 1481 2102 regna

494 2115 659 2169 Nigrae
681 2114 991 2169 Persephones
1011 2123 1057 2154 et
1076 2114 1370 2168 Phlegetonta
1389 2113 1548 2154 adeo.”

427 2183 546 2222 Huic
567 2182 678 2222 dixit
697 2181 869 2237 uulpes:
892 2181 964 2222 “O
986 2182 1293 2222 formosissme
1314 2180 1439 2236 galle,

495 2250 609 2304 Quis
630 2249 757 2290 dedit
776 2249 891 2289 hanc
911 2248 1125 2289 citharam
1146 2263 1235 2303 qua
1255 2248 1548 2303 Phlegetonta
1568 2247 1730 2302 petis?'’

428 2317 559 2356 Dixit.
582 2316 733 2355 Gallus
753 2317 826 2355 ait:
850 2316 1086 2355 “Muscosa
1104 2315 1331 2354 biuerticis
1351 2323 1477 2354 antra

495 2383 671 2422 Parnasi
695 2396 946 2437 rupemque
966 2382 1159 2422 Aoniam
1180 2381 1345 2421 incolui

426 2451 576 2504 Atque
597 2463 684 2504 ego
707 2449 909 2504 Pegaseis
930 2448 1155 2489 sitibunda
1175 2448 1330 2488 labella
1349 2448 1431 2488 sub
1451 2447 1583 2488 undis

496 2516 643 2557 Prolui
665 2525 712 2557 et
731 2517 872 2557 arenti
894 2516 1022 2556 fauce
1044 2515 1214 2556 fluenta
1231 2515 1336 2556 bibi.

428 2585 568 2625 Cuius
589 2584 806 2624 odoratos
827 2583 1023 2624 hederae
1044 2584 1222 2623 cinxere
1242 2583 1437 2638 capillos,

496 2651 727 2706 Calliopea
748 2651 855 2691 mihi
878 2651 987 2691 haec
1008 2665 1144 2691 aurea
1164 2650 1331 2705 plectra
1349 2650 1476 2690 dedit

429 2719 606 2773 Proque
627 2718 806 2758 hederis
827 2719 952 2757 iussit
971 2726 1184 2757 serratam
1205 2730 1386 2771 surgere
1407 2718 1583 2756 cristam

496 2785 558 2825 Ex
577 2785 736 2839 capite,
758 2793 809 2825 ut
827 2792 952 2824 uates
973 2784 1132 2824 doctus
1153 2785 1199 2824 in
1219 2783 1330 2824 orbe
1351 2782 1532 2823 uocer.''

430 2853 560 2893 Dixit.
581 2852 699 2893 Tum
719 2851 835 2907 gallo
856 2850 1014 2906 uulpes
1035 2851 1223 2891 caudata
1242 2850 1428 2906 loquuta
1447 2859 1526 2891 est:

498 2920 638 2960 “Ecce
658 2934 746 2974 ego
767 2919 991 2973 Calliopes
1012 2927 1055 2958 te
1078 2933 1180 2958 reor
1200 2933 1296 2958 esse
1318 2932 1507 2973 procum

429 2987 794 3040 Succensumque
815 2986 910 3025 eius
932 2993 1090 3025 tenero
1112 2993 1155 3024 te
1176 2985 1378 3039 suspicor
1397 2985 1500 3038 igne
1521 2992 1567 3024 et

497 3052 789 3106 Illaqueatum
809 3052 905 3091 eius
926 3050 1133 3091 mollibus
1154 3051 1383 3091 illecebris.

1779 777 1831 818 10

1776 1446 1833 1488 20

1777 2113 1834 2153 30

1777 2782 1834 2822 40
