2106 3458
210 200 300 239 556
412 208 553 239 1Nms
576 206 903 239 AMERlCANJs
928 206 1071 249 QUAE
1096 206 1208 238 CUM
1232 207 1517 238 vnn-:mnus
1541 207 1814 238 HELVETns

211 367 357 406 Immo
377 366 466 406 veri
488 365 762 406 simillimum
782 373 850 405 est
869 365 1061 405 Casaum
1080 365 1242 405 iratum
1262 365 1322 405 ita
1340 364 1615 419 Sepulvedae
1635 364 2018 406 contradicturum

212 434 361 481 fuisse,
393 441 443 472 ut
472 432 795 487 quodcumque
826 431 939 471 illius
970 431 1257 471 subiectionis
1287 445 1428 486 genus
1458 431 1680 486 indigenis
1708 432 1943 472 Americae
1973 440 2019 472 et

211 499 628 540 commonefaceret
664 512 844 553 semper
880 498 1048 538 damno
1085 497 1450 553 detrimentoque
1489 498 1623 538 fuisse
1659 506 1706 538 et
1742 497 2020 552 praedicaret

213 579 461 620 numquam
482 565 795 605 emolumento
818 565 916 604 fore
937 573 1013 604 aut
1034 557 1250 604 fructui.¹⁶

278 633 374 673 Nec
394 646 501 672 vero
525 640 729 672 nostrum
752 645 871 671 nunc
892 640 960 671 est
980 645 1166 671 omnem
1188 631 1301 671 hanc
1323 639 1414 671 tam
1435 645 1613 685 gravem
1634 630 1693 670 de
1714 630 1833 671 Indis
1853 631 2023 671 Ameri-

212 700 332 740 canis
349 700 463 740 iuste
481 698 720 739 tractandis
737 699 1087 738 controversiam
1104 699 1220 738 inter
1235 697 1530 753 Sepulvedam
1547 706 1593 737 et
1608 698 1800 738 Casaum
1817 711 2020 738 summae

212 766 488 807 auctoritatis
512 765 787 806 humanistas
812 773 1014 805 exortam
1039 764 1322 819 eandemque
1348 764 1494 804 adhuc
1520 764 1725 804 nondum
1749 764 2021 819 diremptam

212 833 476 887 disceptare.
502 833 678 872 Sufficit
699 832 821 871 enim
845 831 976 871 allato
1000 845 1057 871 eo
1082 832 1356 879 testimonio,
1381 845 1472 885 quo
1496 830 1681 885 quidem
1704 830 1826 871 haud
1847 831 1940 871 scio
1963 844 2022 871 an

214 899 385 939 nullum
426 907 569 938 exstet
609 899 755 952 aptius
795 898 852 937 ad
891 898 1142 937 universam
1183 897 1300 937 illam
1341 898 1653 951 quaestionem
1693 896 2021 937 discutiendam

213 965 541 1005 documentum
557 964 790 1018 quoddam
806 964 1025 1011 Latinum,
1042 964 1237 1017 primum
1252 963 1524 1017 exposuisse,
1539 971 1759 1017 quatenus
1773 961 2023 1017 Sepulveda

213 1040 259 1072 et
293 1045 420 1072 suam
455 1032 593 1086 ipsius
628 1039 674 1070 et
708 1031 835 1070 Casai
871 1030 1110 1084 gravissimi
1147 1029 1381 1069 adversarii
1417 1029 1475 1069 de
1511 1028 1753 1084 primicoiis
1786 1029 2020 1069 Americae

214 1099 483 1139 sententiam
506 1098 564 1138 ad
585 1097 782 1138 duorum
804 1097 1017 1137 itinerum
1038 1096 1260 1137 veteribus
1283 1095 1495 1136 Helvetiis
1517 1095 1773 1136 oblatorum
1795 1094 2023 1150 exemplar

215 1165 501 1206 referendam
516 1164 834 1219 descripsisset,
850 1163 1016 1204 deinde
1031 1163 1224 1203 eandem
1239 1162 1352 1203 hanc
1369 1176 1575 1203 normam
1590 1171 1822 1217 totamque
1838 1175 1948 1211 rem,
1963 1161 2022 1202 de

214 1246 303 1288 qua
331 1231 581 1287 Sepulveda
609 1240 655 1271 et
683 1231 849 1271 Casaus
878 1230 1228 1285 disputaverunt,
1259 1229 1524 1270 Carneadeo
1554 1243 1681 1269 more
1710 1230 1757 1269 in
1784 1237 2022 1284 utramque

215 1308 389 1354 partem
410 1299 565 1339 disseri
589 1312 733 1353 posse.
757 1298 888 1352 Quae
909 1297 1094 1352 quidem
1115 1298 1217 1337 satis
1238 1297 1467 1337 evidenter
1487 1296 1735 1336 ostendisse
1757 1310 1829 1336 me
1850 1309 1998 1350 spero.

969 1451 1272 1527 Appendix

385 1601 622 1640 Librorum
691 1608 825 1653 atque
893 1599 1329 1639 commentationum
1397 1606 1443 1637 et
1509 1597 1565 1637 ad
1632 1597 1856 1637 detectam

385 1674 777 1720 expugnatamque
825 1665 1079 1704 Americam
1128 1673 1174 1703 et
1220 1663 1277 1703 ad
1324 1677 1510 1703 omnem
1558 1663 1671 1702 Novi
1721 1662 1856 1702 Orbis

385 1732 618 1772 historiam
634 1732 797 1771 Latinis
813 1731 966 1770 litteris
984 1730 1239 1770 mandatam
1254 1730 1576 1784 pertinentium
1591 1737 1857 1783 conspectus

217 1866 526 1906 Fundamenta
566 1865 725 1905 harum
766 1878 950 1919 quoque
992 1878 1142 1903 rerum
1183 1862 1587 1917 investigandarum
1628 1862 1732 1902 iecit
1760 1862 1800 1916 J.
1842 1861 2027 1916 Ijsewijn

219 1932 447 1989 praeclaro
482 1932 557 1972 illo
591 1931 705 1972 libro
739 1932 832 1986 (pp.
873 1930 1104 1982 191-200)‚
1139 1931 1213 1985 qui
1249 1930 1506 1985 Companion
1540 1935 1578 1969 to
1608 1928 1834 1969 Neo-Latin
1866 1927 2026 1968 Studies

218 2001 455 2055 inscriptus
472 2013 592 2040 anno
614 1997 745 2039 1977⁰
767 1998 935 2053 prodiit
952 1998 1120 2053 primus
1137 1998 1360 2038 universas
1376 1997 1666 2037 Neo-Latinas
1682 2009 1797 2050 quae
1812 2002 2028 2035 vocantur

219 2067 384 2108 litteras
405 2066 679 2122 complexus.

285 2135 536 2175 Novissima
558 2148 764 2189 quaeque
788 2134 990 2174 continet
1011 2133 1058 2173 id
1080 2133 1459 2173 “Instrumentum
1483 2129 1892 2186 Bibliographicum
1913 2129 2029 2170 Neo-

220 2201 469 2250 Latinum‚”
492 2201 618 2256 quod
637 2201 759 2241 idem
780 2200 851 2241 ille
872 2200 1020 2240 editor
1040 2201 1087 2240 in
1107 2199 1287 2254 singulis
1305 2199 1686 2239 Humanisticorum
1704 2197 2027 2238 Lovaniensium

218 2268 519 2308 voluminibus
541 2268 781 2322 quotannis
802 2266 1155 2320 imprimendum
1177 2274 1301 2305 curat
1321 2265 1693 2319 copiosissimum.

219 2436 271 2475 A.
294 2435 563 2475 Recentiora
582 2447 723 2489 opera
744 2433 849 2473 inde
870 2447 896 2472 a
915 2432 1158 2472 duodecim
1180 2432 1305 2471 annis
1326 2431 1446 2471 edita

292 2535 328 2576 1.
356 2536 436 2575 Die
462 2535 578 2575 Neue
610 2535 712 2574 Welt
741 2535 786 2574 in
814 2534 892 2573 den
920 2533 1112 2573 Scha'tzen
1140 2533 1254 2572 einer
1277 2532 1388 2572 alten
1415 2531 1703 2586 europa'ischen
1728 2529 1954 2570 Bibliothek
1983 2528 2029 2580 (=

220 2601 733 2657 Ausstellungskataloge
758 2601 839 2641 der
862 2601 1045 2654 Herzog
1065 2601 1238 2654 August
1262 2598 1527 2646 Bibliothek‚
1551 2598 1628 2638 Nr.
1658 2594 1742 2648 17),
1767 2595 2031 2651 (Guelpher-

220 2669 324 2725 byti,
351 2667 494 2720 1976).

305 2871 334 2893 ¹⁶
350 2877 477 2912 Huius
495 2888 654 2924 quoque
672 2875 941 2923 disputationis
959 2886 1089 2908 causas
1107 2874 1273 2908 dilucide
1292 2872 1482 2920 expedivit
1499 2872 1604 2906 idem
1620 2871 1682 2906 ille
1700 2870 1818 2905 Lentis
1835 2870 1974 2905 Hanke
1991 2877 2031 2904 et

223 2932 439 2965 recentiore
454 2931 614 2978 quidem
630 2942 679 2963 eo
692 2930 802 2970 libro,
818 2940 935 2975 quem
950 2928 1139 2974 inscripsit
1152 2927 1212 2961 All
1224 2927 1398 2960 mankind
1412 2927 1439 2960 is
1453 2927 1571 2960 one-A
1584 2925 1684 2972 study
1697 2925 1739 2971 os
1744 2925 1800 2958 the
1810 2923 2029 2971 disputation

223 2984 366 3018 between
382 2983 581 3018 Bartolome
593 2983 635 3016 de
649 2983 720 3016 Las
737 2982 846 3015 Casas
863 2981 970 3015 Gines
985 2980 1027 3014 de
1041 2980 1234 3027 Sepulveda
1252 2980 1290 3013 in
1311 2979 1408 3013 1550
1422 2990 1469 3012 on
1485 2979 1540 3012 the
1555 2977 1766 3012 intellectual
1778 2976 1854 3010 and
1868 2975 2030 3023 relig-tous

222 3037 376 3084 capacity
394 3037 436 3084 os
446 3036 500 3070 the
515 3036 701 3070 American
718 3035 868 3069 Indians
886 3034 1056 3077 (minois,
1079 3032 1202 3076 1974).
