<?xml version="1.0" encoding="UTF-8"?>
<!DOCTYPE html PUBLIC "-//W3C//DTD XHTML 1.0 Transitional//EN"
    "http://www.w3.org/TR/xhtml1/DTD/xhtml1-transitional.dtd">
<html xmlns="http://www.w3.org/1999/xhtml" xml:lang="en" lang="en">
 <head>
  <title>
</title>
<meta http-equiv="Content-Type" content="text/html;charset=utf-8" />
  <meta name='ocr-system' content='tesseract 3.04.00' />
  <meta name='ocr-capabilities' content='ocr_page ocr_carea ocr_par ocr_line ocrx_word'/>
</head>
<body>
  <div class='ocr_page' id='page_1' title='image "./toronactaconvent00inteuoft_0841.png"; bbox 0 0 2106 3458; ppageno 0'>
   <div class='ocr_carea' id='block_1_1' title="bbox 726 193 1894 234">
    <p class='ocr_par' dir='ltr' id='par_1_1' title="bbox 726 193 1894 234">
     <span class='ocr_line' id='line_1_1' title="bbox 726 193 1894 234; baseline -0.001 -1"><span class='ocrx_word' id='word_1_1' title='bbox 726 201 989 234; x_wconf 76' lang='lat' dir='ltr'>HERMANN</span> <span class='ocrx_word' id='word_1_2' title='bbox 1013 201 1262 234; x_wconf 80' lang='lat' dir='ltr'>wll-:GAND</span> <span class='ocrx_word' id='word_1_3' title='bbox 1805 193 1894 233; x_wconf 89' lang='grc'>815</span> 
     </span>
    </p>
   </div>
   <div class='ocr_carea' id='block_1_2' title="bbox 82 359 1910 2880">
    <p class='ocr_par' dir='ltr' id='par_1_2' title="bbox 82 359 1905 1267">
     <span class='ocr_line' id='line_1_2' title="bbox 93 359 1902 416; baseline -0.002 -14"><span class='ocrx_word' id='word_1_4' title='bbox 93 370 295 410; x_wconf 90' lang='lat' dir='ltr'>tractare;</span> <span class='ocrx_word' id='word_1_5' title='bbox 321 362 473 416; x_wconf 91' lang='lat' dir='ltr'>itaque</span> <span class='ocrx_word' id='word_1_6' title='bbox 498 374 599 401; x_wconf 92' lang='lat' dir='ltr'>eam</span> <span class='ocrx_word' id='word_1_7' title='bbox 627 368 801 415; x_wconf 90' lang='lat' dir='ltr'>partem</span> <span class='ocrx_word' id='word_1_8' title='bbox 826 360 940 415; x_wconf 92' lang='lat' dir='ltr'>elegi</span> <span class='ocrx_word' id='word_1_9' title='bbox 967 360 1289 415; x_wconf 86' lang='lat' dir='ltr'>explicandam,</span> <span class='ocrx_word' id='word_1_10' title='bbox 1316 373 1405 415; x_wconf 91' lang='lat' dir='ltr'>qua</span> <span class='ocrx_word' id='word_1_11' title='bbox 1431 360 1651 413; x_wconf 88' lang='lat' dir='ltr'>navigatio</span> <span class='ocrx_word' id='word_1_12' title='bbox 1677 359 1733 399; x_wconf 90' lang='lat' dir='ltr'>ab</span> <span class='ocrx_word' id='word_1_13' title='bbox 1759 359 1902 400; x_wconf 90' lang='lat' dir='ltr'>insula</span> 
     </span>
     <span class='ocr_line' id='line_1_3' title="bbox 92 424 1902 482; baseline -0.001 -15"><span class='ocrx_word' id='word_1_14' title='bbox 92 428 257 482; x_wconf 89' lang='lat' dir='ltr'>Magna</span> <span class='ocrx_word' id='word_1_15' title='bbox 282 427 473 467; x_wconf 88' lang='lat' dir='ltr'>Canaria</span> <span class='ocrx_word' id='word_1_16' title='bbox 498 425 556 466; x_wconf 87' lang='lat' dir='ltr'>ad</span> <span class='ocrx_word' id='word_1_17' title='bbox 582 425 893 480; x_wconf 88' lang='lat' dir='ltr'>Hispaniolam</span> <span class='ocrx_word' id='word_1_18' title='bbox 920 439 1063 480; x_wconf 91' lang='lat' dir='ltr'>usque</span> <span class='ocrx_word' id='word_1_19' title='bbox 1089 426 1360 474; x_wconf 85' lang='lat' dir='ltr'>continetur,</span> <span class='ocrx_word' id='word_1_20' title='bbox 1386 438 1503 480; x_wconf 90' lang='lat' dir='ltr'>quae</span> <span class='ocrx_word' id='word_1_21' title='bbox 1530 438 1631 479; x_wconf 90' lang='lat' dir='ltr'>pars</span> <span class='ocrx_word' id='word_1_22' title='bbox 1657 433 1726 465; x_wconf 93' lang='lat' dir='ltr'>est</span> <span class='ocrx_word' id='word_1_23' title='bbox 1752 424 1902 465; x_wconf 89' lang='lat' dir='ltr'>media</span> 
     </span>
     <span class='ocr_line' id='line_1_4' title="bbox 92 491 1901 549; baseline -0.002 -15"><span class='ocrx_word' id='word_1_24' title='bbox 92 493 346 549; x_wconf 92' lang='lat' dir='ltr'>eademque</span> <span class='ocrx_word' id='word_1_25' title='bbox 360 506 537 534; x_wconf 90' lang='lat' dir='ltr'>summa</span> <span class='ocrx_word' id='word_1_26' title='bbox 549 492 713 547; x_wconf 90' lang='lat' dir='ltr'>operis.</span> <span class='ocrx_word' id='word_1_27' title='bbox 729 492 794 532; x_wconf 91' lang='lat' dir='ltr'>Ita</span> <span class='ocrx_word' id='word_1_28' title='bbox 807 492 1065 547; x_wconf 88' lang='lat' dir='ltr'>procedam:</span> <span class='ocrx_word' id='word_1_29' title='bbox 1082 492 1326 532; x_wconf 89' lang='lat' dir='ltr'>Praemissa</span> <span class='ocrx_word' id='word_1_30' title='bbox 1337 491 1595 532; x_wconf 91' lang='lat' dir='ltr'>brevissima</span> <span class='ocrx_word' id='word_1_31' title='bbox 1606 492 1694 531; x_wconf 90' lang='lat' dir='ltr'>vita</span> <span class='ocrx_word' id='word_1_32' title='bbox 1707 492 1901 531; x_wconf 90' lang='lat' dir='ltr'>auctoris</span> 
     </span>
     <span class='ocr_line' id='line_1_5' title="bbox 92 557 1899 615; baseline -0.002 -14"><span class='ocrx_word' id='word_1_33' title='bbox 92 560 405 615; x_wconf 89' lang='lat' dir='ltr'>explicatoque</span> <span class='ocrx_word' id='word_1_34' title='bbox 427 567 696 614; x_wconf 88' lang='lat' dir='ltr'>argumento</span> <span class='ocrx_word' id='word_1_35' title='bbox 718 566 1028 614; x_wconf 85' lang='lat' dir='ltr'>structuraque</span> <span class='ocrx_word' id='word_1_36' title='bbox 1050 559 1257 599; x_wconf 88' lang='lat' dir='ltr'>carminis</span> <span class='ocrx_word' id='word_1_37' title='bbox 1279 558 1403 599; x_wconf 90' lang='lat' dir='ltr'>locos</span> <span class='ocrx_word' id='word_1_38' title='bbox 1425 557 1647 613; x_wconf 90' lang='lat' dir='ltr'>quosdam</span> <span class='ocrx_word' id='word_1_39' title='bbox 1670 557 1767 598; x_wconf 87' lang='lat' dir='ltr'>libri</span> <span class='ocrx_word' id='word_1_40' title='bbox 1790 559 1899 598; x_wconf 88' lang='lat' dir='ltr'>sexti</span> 
     </span>
     <span class='ocr_line' id='line_1_6' title="bbox 93 623 1902 682; baseline -0.002 -15"><span class='ocrx_word' id='word_1_41' title='bbox 93 627 440 682; x_wconf 87' lang='lat' dir='ltr'>praestantiores</span> <span class='ocrx_word' id='word_1_42' title='bbox 461 626 717 666; x_wconf 87' lang='lat' dir='ltr'>examinare</span> <span class='ocrx_word' id='word_1_43' title='bbox 740 624 987 680; x_wconf 87' lang='lat' dir='ltr'>temptabo,</span> <span class='ocrx_word' id='word_1_44' title='bbox 1011 633 1062 665; x_wconf 91' lang='lat' dir='ltr'>ut</span> <span class='ocrx_word' id='word_1_45' title='bbox 1081 624 1333 674; x_wconf 88' lang='lat' dir='ltr'>ostendam,</span> <span class='ocrx_word' id='word_1_46' title='bbox 1356 638 1446 680; x_wconf 92' lang='lat' dir='ltr'>qua</span> <span class='ocrx_word' id='word_1_47' title='bbox 1465 623 1694 665; x_wconf 89' lang='lat' dir='ltr'>voluntate</span> <span class='ocrx_word' id='word_1_48' title='bbox 1717 638 1902 679; x_wconf 91' lang='lat' dir='ltr'>quoque</span> 
     </span>
     <span class='ocr_line' id='line_1_7' title="bbox 92 691 1901 747; baseline -0.002 -13"><span class='ocrx_word' id='word_1_49' title='bbox 92 693 281 734; x_wconf 91' lang='lat' dir='ltr'>consilio</span> <span class='ocrx_word' id='word_1_50' title='bbox 298 693 487 733; x_wconf 89' lang='lat' dir='ltr'>Carrara</span> <span class='ocrx_word' id='word_1_51' title='bbox 501 705 617 747; x_wconf 94' lang='lat' dir='ltr'>opus</span> <span class='ocrx_word' id='word_1_52' title='bbox 633 692 892 732; x_wconf 90' lang='lat' dir='ltr'>confecerit.</span> <span class='ocrx_word' id='word_1_53' title='bbox 910 692 1051 732; x_wconf 92' lang='lat' dir='ltr'>Natus</span> <span class='ocrx_word' id='word_1_54' title='bbox 1066 699 1135 732; x_wconf 91' lang='lat' dir='ltr'>est</span> <span class='ocrx_word' id='word_1_55' title='bbox 1149 692 1284 746; x_wconf 91' lang='lat' dir='ltr'>igitur</span> <span class='ocrx_word' id='word_1_56' title='bbox 1298 691 1541 732; x_wconf 88' lang='lat' dir='ltr'>Ubertinus</span> <span class='ocrx_word' id='word_1_57' title='bbox 1558 691 1747 731; x_wconf 90' lang='lat' dir='ltr'>Carrara</span> <span class='ocrx_word' id='word_1_58' title='bbox 1763 691 1901 731; x_wconf 89' lang='lat' dir='ltr'>nobili</span> 
     </span>
     <span class='ocr_line' id='line_1_8' title="bbox 91 757 1902 815; baseline -0.001 -15"><span class='ocrx_word' id='word_1_59' title='bbox 91 773 259 815; x_wconf 88' lang='lat' dir='ltr'>genere</span> <span class='ocrx_word' id='word_1_60' title='bbox 281 760 433 808; x_wconf 89' lang='lat' dir='ltr'>Sorae,</span> <span class='ocrx_word' id='word_1_61' title='bbox 455 759 503 800; x_wconf 89' lang='lat' dir='ltr'>in</span> <span class='ocrx_word' id='word_1_62' title='bbox 524 759 698 799; x_wconf 88' lang='lat' dir='ltr'>civitate</span> <span class='ocrx_word' id='word_1_63' title='bbox 720 758 845 813; x_wconf 90' lang='lat' dir='ltr'>regni</span> <span class='ocrx_word' id='word_1_64' title='bbox 867 757 977 798; x_wconf 92' lang='lat' dir='ltr'>olim</span> <span class='ocrx_word' id='word_1_65' title='bbox 998 757 1282 813; x_wconf 87' lang='lat' dir='ltr'>Neapolitani</span> <span class='ocrx_word' id='word_1_66' title='bbox 1304 757 1379 798; x_wconf 93' lang='lat' dir='ltr'>die</span> <span class='ocrx_word' id='word_1_67' title='bbox 1406 757 1538 798; x_wconf 84' lang='lat' dir='ltr'>13mo</span> <span class='ocrx_word' id='word_1_68' title='bbox 1562 758 1726 798; x_wconf 92' lang='lat' dir='ltr'>mensis</span> <span class='ocrx_word' id='word_1_69' title='bbox 1748 757 1902 798; x_wconf 91' lang='lat' dir='ltr'>Martis</span> 
     </span>
     <span class='ocr_line' id='line_1_9' title="bbox 92 823 1899 880; baseline -0.002 -13"><span class='ocrx_word' id='word_1_70' title='bbox 92 840 213 867; x_wconf 92' lang='lat' dir='ltr'>anno</span> <span class='ocrx_word' id='word_1_71' title='bbox 244 826 369 874; x_wconf 84' lang='lat'>1642;</span> <span class='ocrx_word' id='word_1_72' title='bbox 395 826 666 866; x_wconf 89' lang='lat' dir='ltr'>Societatem</span> <span class='ocrx_word' id='word_1_73' title='bbox 681 825 790 880; x_wconf 89' lang='lat' dir='ltr'>Jesu</span> <span class='ocrx_word' id='word_1_74' title='bbox 815 825 1039 879; x_wconf 89' lang='lat' dir='ltr'>ingressus</span> <span class='ocrx_word' id='word_1_75' title='bbox 1064 832 1132 865; x_wconf 92' lang='lat' dir='ltr'>est</span> <span class='ocrx_word' id='word_1_76' title='bbox 1155 824 1229 865; x_wconf 93' lang='lat' dir='ltr'>die</span> <span class='ocrx_word' id='word_1_77' title='bbox 1255 824 1392 866; x_wconf 80' lang='lat' dir='ltr'>2lmo</span> <span class='ocrx_word' id='word_1_78' title='bbox 1419 824 1583 864; x_wconf 91' lang='lat' dir='ltr'>mensis</span> <span class='ocrx_word' id='word_1_79' title='bbox 1607 823 1771 879; x_wconf 90' lang='lat' dir='ltr'>Aprilis</span> <span class='ocrx_word' id='word_1_80' title='bbox 1796 824 1899 864; x_wconf 88' lang='lat' dir='ltr'>anni</span> 
     </span>
     <span class='ocr_line' id='line_1_10' title="bbox 97 890 1902 948; baseline -0.002 -14"><span class='ocrx_word' id='word_1_81' title='bbox 97 893 222 935; x_wconf 84' lang='lat'>1662.</span> <span class='ocrx_word' id='word_1_82' title='bbox 242 893 326 933; x_wconf 91' lang='lat' dir='ltr'>Per</span> <span class='ocrx_word' id='word_1_83' title='bbox 341 893 494 948; x_wconf 90' lang='lat' dir='ltr'>viginti</span> <span class='ocrx_word' id='word_1_84' title='bbox 514 900 603 932; x_wconf 92' lang='lat' dir='ltr'>tres</span> <span class='ocrx_word' id='word_1_85' title='bbox 622 905 764 932; x_wconf 91' lang='lat' dir='ltr'>annos</span> <span class='ocrx_word' id='word_1_86' title='bbox 782 900 925 932; x_wconf 90' lang='lat' dir='ltr'>artem</span> <span class='ocrx_word' id='word_1_87' title='bbox 945 891 1215 932; x_wconf 90' lang='lat' dir='ltr'>rhetoricam</span> <span class='ocrx_word' id='word_1_88' title='bbox 1233 892 1281 932; x_wconf 92' lang='lat' dir='ltr'>in</span> <span class='ocrx_word' id='word_1_89' title='bbox 1299 890 1651 946; x_wconf 80' lang='lat' dir='ltr'>praeclarissimo</span> <span class='ocrx_word' id='word_1_90' title='bbox 1670 891 1902 931; x_wconf 89' lang='lat' dir='ltr'>Societatis</span> 
     </span>
     <span class='ocr_line' id='line_1_11' title="bbox 82 957 1903 1016; baseline -0.002 -15"><span class='ocrx_word' id='word_1_91' title='bbox 82 961 191 1016; x_wconf 90' lang='lat' dir='ltr'>Jesu</span> <span class='ocrx_word' id='word_1_92' title='bbox 208 959 400 1015; x_wconf 90' lang='lat' dir='ltr'>collegio</span> <span class='ocrx_word' id='word_1_93' title='bbox 417 960 626 1000; x_wconf 91' lang='lat' dir='ltr'>Romano</span> <span class='ocrx_word' id='word_1_94' title='bbox 645 959 873 1014; x_wconf 88' lang='lat' dir='ltr'>professus</span> <span class='ocrx_word' id='word_1_95' title='bbox 889 967 969 999; x_wconf 91' lang='lat' dir='ltr'>est.</span> <span class='ocrx_word' id='word_1_96' title='bbox 987 959 1143 999; x_wconf 92' lang='lat' dir='ltr'>Socius</span> <span class='ocrx_word' id='word_1_97' title='bbox 1159 957 1430 999; x_wconf 89' lang='lat' dir='ltr'>Academiae</span> <span class='ocrx_word' id='word_1_98' title='bbox 1447 957 1700 998; x_wconf 89' lang='lat' dir='ltr'>Christinae</span> <span class='ocrx_word' id='word_1_99' title='bbox 1717 958 1903 998; x_wconf 91' lang='lat' dir='ltr'>Sueciae</span> 
     </span>
     <span class='ocr_line' id='line_1_12' title="bbox 94 1023 1902 1082; baseline -0.002 -15"><span class='ocrx_word' id='word_1_100' title='bbox 94 1028 275 1082; x_wconf 91' lang='lat' dir='ltr'>reginae</span> <span class='ocrx_word' id='word_1_101' title='bbox 294 1027 384 1066; x_wconf 91' lang='lat' dir='ltr'>iam</span> <span class='ocrx_word' id='word_1_102' title='bbox 404 1026 461 1066; x_wconf 95' lang='lat' dir='ltr'>ab</span> <span class='ocrx_word' id='word_1_103' title='bbox 480 1040 601 1066; x_wconf 91' lang='lat' dir='ltr'>anno</span> <span class='ocrx_word' id='word_1_104' title='bbox 627 1023 738 1066; x_wconf 88' lang='grc'>1679</span> <span class='ocrx_word' id='word_1_105' title='bbox 759 1026 900 1065; x_wconf 86' lang='lat' dir='ltr'>factus</span> <span class='ocrx_word' id='word_1_106' title='bbox 919 1025 1082 1065; x_wconf 91' lang='lat' dir='ltr'>sodalis</span> <span class='ocrx_word' id='word_1_107' title='bbox 1101 1024 1319 1065; x_wconf 89' lang='lat' dir='ltr'>Arcadiae</span> <span class='ocrx_word' id='word_1_108' title='bbox 1339 1038 1476 1079; x_wconf 90' lang='lat' dir='ltr'>quam</span> <span class='ocrx_word' id='word_1_109' title='bbox 1495 1024 1653 1064; x_wconf 90' lang='lat' dir='ltr'>dicunt</span> <span class='ocrx_word' id='word_1_110' title='bbox 1671 1025 1902 1064; x_wconf 88' lang='lat' dir='ltr'>Romanae</span> 
     </span>
     <span class='ocr_line' id='line_1_13' title="bbox 93 1090 1902 1133; baseline -0.002 0"><span class='ocrx_word' id='word_1_111' title='bbox 93 1101 267 1133; x_wconf 90' lang='lat' dir='ltr'>creatus</span> <span class='ocrx_word' id='word_1_112' title='bbox 292 1100 361 1132; x_wconf 89' lang='lat' dir='ltr'>est</span> <span class='ocrx_word' id='word_1_113' title='bbox 384 1105 505 1132; x_wconf 91' lang='lat' dir='ltr'>anno</span> <span class='ocrx_word' id='word_1_114' title='bbox 535 1091 647 1131; x_wconf 87' lang='lat'>1694</span> <span class='ocrx_word' id='word_1_115' title='bbox 672 1091 756 1131; x_wconf 91' lang='lat' dir='ltr'>sub</span> <span class='ocrx_word' id='word_1_116' title='bbox 782 1091 967 1131; x_wconf 91' lang='lat' dir='ltr'>nomine</span> <span class='ocrx_word' id='word_1_117' title='bbox 993 1090 1165 1131; x_wconf 88' lang='lat' dir='ltr'>Eudoxi</span> <span class='ocrx_word' id='word_1_118' title='bbox 1191 1091 1410 1130; x_wconf 89' lang='lat' dir='ltr'>Pauntini.</span> <span class='ocrx_word' id='word_1_119' title='bbox 1437 1091 1635 1130; x_wconf 92' lang='lat' dir='ltr'>Carmen</span> <span class='ocrx_word' id='word_1_120' title='bbox 1660 1090 1902 1130; x_wconf 85' lang='lat' dir='ltr'>Columbum</span> 
     </span>
     <span class='ocr_line' id='line_1_14' title="bbox 93 1156 1905 1214; baseline -0.002 -15"><span class='ocrx_word' id='word_1_121' title='bbox 93 1173 175 1214; x_wconf 91' lang='lat' dir='ltr'>per</span> <span class='ocrx_word' id='word_1_122' title='bbox 189 1158 484 1214; x_wconf 87' lang='lat' dir='ltr'>quadraginta</span> <span class='ocrx_word' id='word_1_123' title='bbox 499 1171 642 1198; x_wconf 90' lang='lat' dir='ltr'>annos</span> <span class='ocrx_word' id='word_1_124' title='bbox 657 1157 911 1206; x_wconf 86' lang='lat' dir='ltr'>elaboravit,</span> <span class='ocrx_word' id='word_1_125' title='bbox 928 1171 1049 1198; x_wconf 92' lang='lat' dir='ltr'>anno</span> <span class='ocrx_word' id='word_1_126' title='bbox 1064 1165 1168 1197; x_wconf 90' lang='lat' dir='ltr'>ante</span> <span class='ocrx_word' id='word_1_127' title='bbox 1184 1165 1380 1197; x_wconf 91' lang='lat' dir='ltr'>mortem</span> <span class='ocrx_word' id='word_1_128' title='bbox 1395 1157 1443 1197; x_wconf 89' lang='lat' dir='ltr'>in</span> <span class='ocrx_word' id='word_1_129' title='bbox 1457 1156 1604 1197; x_wconf 92' lang='lat' dir='ltr'>lucem</span> <span class='ocrx_word' id='word_1_130' title='bbox 1619 1156 1775 1206; x_wconf 92' lang='lat' dir='ltr'>edidit,</span> <span class='ocrx_word' id='word_1_131' title='bbox 1791 1156 1905 1196; x_wconf 92' lang='lat' dir='ltr'>obiit</span> 
     </span>
     <span class='ocr_line' id='line_1_15' title="bbox 93 1216 1076 1267; baseline -0.002 0"><span class='ocrx_word' id='word_1_132' title='bbox 93 1234 245 1267; x_wconf 88' lang='lat' dir='ltr'>autem</span> <span class='ocrx_word' id='word_1_133' title='bbox 266 1225 340 1266; x_wconf 93' lang='lat' dir='ltr'>die</span> <span class='ocrx_word' id='word_1_134' title='bbox 360 1233 487 1266; x_wconf 88' lang='lat' dir='ltr'>sexto</span> <span class='ocrx_word' id='word_1_135' title='bbox 509 1225 674 1266; x_wconf 92' lang='lat' dir='ltr'>mensis</span> <span class='ocrx_word' id='word_1_136' title='bbox 693 1225 883 1265; x_wconf 88' lang='lat' dir='ltr'>Ianuarii</span> <span class='ocrx_word' id='word_1_137' title='bbox 909 1216 1076 1265; x_wconf 85' lang='lat'><strong>1716.²⁰</strong></span> 
     </span>
    </p>

    <p class='ocr_par' dir='ltr' id='par_1_3' title="bbox 92 1291 1910 2880">
     <span class='ocr_line' id='line_1_16' title="bbox 160 1291 1904 1348; baseline -0.002 -14"><span class='ocrx_word' id='word_1_138' title='bbox 160 1293 291 1348; x_wconf 91' lang='lat' dir='ltr'>Opus</span> <span class='ocrx_word' id='word_1_139' title='bbox 308 1293 405 1333; x_wconf 93' lang='lat' dir='ltr'>eius</span> <span class='ocrx_word' id='word_1_140' title='bbox 424 1306 638 1348; x_wconf 91' lang='lat' dir='ltr'>magnum</span> <span class='ocrx_word' id='word_1_141' title='bbox 656 1291 901 1332; x_wconf 89' lang='lat' dir='ltr'>duodecim</span> <span class='ocrx_word' id='word_1_142' title='bbox 919 1291 1054 1332; x_wconf 90' lang='lat' dir='ltr'>libros</span> <span class='ocrx_word' id='word_1_143' title='bbox 1072 1292 1287 1340; x_wconf 88' lang='lat' dir='ltr'>continet,</span> <span class='ocrx_word' id='word_1_144' title='bbox 1306 1305 1503 1346; x_wconf 91' lang='lat' dir='ltr'>quorum</span> <span class='ocrx_word' id='word_1_145' title='bbox 1521 1305 1599 1331; x_wconf 91' lang='lat' dir='ltr'>sex</span> <span class='ocrx_word' id='word_1_146' title='bbox 1615 1291 1789 1346; x_wconf 77' lang='lat' dir='ltr'>priores</span> <span class='ocrx_word' id='word_1_147' title='bbox 1806 1291 1904 1331; x_wconf 91' lang='lat' dir='ltr'>iure</span> 
     </span>
     <span class='ocr_line' id='line_1_17' title="bbox 93 1358 1904 1414; baseline -0.001 -14"><span class='ocrx_word' id='word_1_148' title='bbox 93 1360 214 1400; x_wconf 89' lang='lat' dir='ltr'>dicas</span> <span class='ocrx_word' id='word_1_149' title='bbox 228 1359 477 1414; x_wconf 91' lang='lat' dir='ltr'>Odysseam</span> <span class='ocrx_word' id='word_1_150' title='bbox 492 1359 690 1407; x_wconf 91' lang='lat' dir='ltr'>alteram,</span> <span class='ocrx_word' id='word_1_151' title='bbox 707 1359 980 1413; x_wconf 91' lang='lat' dir='ltr'>posteriores</span> <span class='ocrx_word' id='word_1_152' title='bbox 994 1367 1147 1398; x_wconf 91' lang='lat' dir='ltr'>autem</span> <span class='ocrx_word' id='word_1_153' title='bbox 1161 1358 1309 1407; x_wconf 91' lang='lat' dir='ltr'>Iliada,</span> <span class='ocrx_word' id='word_1_154' title='bbox 1324 1359 1386 1398; x_wconf 91' lang='lat' dir='ltr'>ita</span> <span class='ocrx_word' id='word_1_155' title='bbox 1398 1366 1450 1398; x_wconf 86' lang='lat' dir='ltr'>ut</span> <span class='ocrx_word' id='word_1_156' title='bbox 1461 1366 1683 1398; x_wconf 88' lang='lat' dir='ltr'>structura</span> <span class='ocrx_word' id='word_1_157' title='bbox 1696 1359 1904 1398; x_wconf 91' lang='lat' dir='ltr'>carminis</span> 
     </span>
     <span class='ocr_line' id='line_1_18' title="bbox 94 1424 1904 1481; baseline -0.002 -14"><span class='ocrx_word' id='word_1_158' title='bbox 94 1427 329 1467; x_wconf 88' lang='lat' dir='ltr'>Carraram</span> <span class='ocrx_word' id='word_1_159' title='bbox 344 1425 525 1481; x_wconf 86' lang='lat' dir='ltr'>Vergilii</span> <span class='ocrx_word' id='word_1_160' title='bbox 543 1426 818 1465; x_wconf 91' lang='lat' dir='ltr'>imitatorem</span> <span class='ocrx_word' id='word_1_161' title='bbox 834 1439 931 1465; x_wconf 91' lang='lat' dir='ltr'>esse</span> <span class='ocrx_word' id='word_1_162' title='bbox 947 1425 1169 1465; x_wconf 89' lang='lat' dir='ltr'>ostendat.</span> <span class='ocrx_word' id='word_1_163' title='bbox 1188 1425 1338 1465; x_wconf 79' lang='lat' dir='ltr'>Primo</span> <span class='ocrx_word' id='word_1_164' title='bbox 1354 1424 1468 1464; x_wconf 89' lang='lat' dir='ltr'>libro</span> <span class='ocrx_word' id='word_1_165' title='bbox 1485 1425 1692 1479; x_wconf 86' lang='lat' dir='ltr'>exposito</span> <span class='ocrx_word' id='word_1_166' title='bbox 1709 1425 1904 1464; x_wconf 90' lang='lat' dir='ltr'>auctoris</span> 
     </span>
     <span class='ocr_line' id='line_1_19' title="bbox 93 1491 1906 1546; baseline -0.002 -12"><span class='ocrx_word' id='word_1_167' title='bbox 93 1492 431 1534; x_wconf 90' lang='lat' dir='ltr'>consilio—dicit</span> <span class='ocrx_word' id='word_1_168' title='bbox 446 1506 494 1533; x_wconf 93' lang='lat' dir='ltr'>se</span> <span class='ocrx_word' id='word_1_169' title='bbox 510 1492 635 1532; x_wconf 90' lang='lat' dir='ltr'>illum</span> <span class='ocrx_word' id='word_1_170' title='bbox 651 1491 761 1532; x_wconf 92' lang='lat' dir='ltr'>velle</span> <span class='ocrx_word' id='word_1_171' title='bbox 776 1493 920 1532; x_wconf 91' lang='lat' dir='ltr'>virum</span> <span class='ocrx_word' id='word_1_172' title='bbox 937 1505 1112 1540; x_wconf 90' lang='lat' dir='ltr'>canere,</span> <span class='ocrx_word' id='word_1_173' title='bbox 1131 1492 1207 1546; x_wconf 92' lang='lat' dir='ltr'>qui</span> <span class='ocrx_word' id='word_1_174' title='bbox 1226 1505 1393 1532; x_wconf 91' lang='lat' dir='ltr'>novum</span> <span class='ocrx_word' id='word_1_175' title='bbox 1410 1491 1570 1532; x_wconf 91' lang='lat' dir='ltr'>orbem</span> <span class='ocrx_word' id='word_1_176' title='bbox 1586 1492 1723 1531; x_wconf 89' lang='lat' dir='ltr'>veteri</span> <span class='ocrx_word' id='word_1_177' title='bbox 1742 1491 1906 1531; x_wconf 91' lang='lat' dir='ltr'>adiecit</span> 
     </span>
     <span class='ocr_line' id='line_1_20' title="bbox 92 1558 1905 1614; baseline -0.002 -13"><span class='ocrx_word' id='word_1_178' title='bbox 92 1560 345 1601; x_wconf 87' lang='lat' dir='ltr'>—invocatis</span> <span class='ocrx_word' id='word_1_179' title='bbox 378 1560 509 1600; x_wconf 91' lang='lat' dir='ltr'>Musa</span> <span class='ocrx_word' id='word_1_180' title='bbox 543 1560 811 1614; x_wconf 87' lang='lat' dir='ltr'>fautoreque</span> <span class='ocrx_word' id='word_1_181' title='bbox 845 1559 996 1614; x_wconf 81' lang='lat' dir='ltr'>open&#39;s</span> <span class='ocrx_word' id='word_1_182' title='bbox 1032 1558 1279 1599; x_wconf 91' lang='lat' dir='ltr'>Benedicto</span> <span class='ocrx_word' id='word_1_183' title='bbox 1314 1558 1563 1613; x_wconf 90' lang='lat' dir='ltr'>Pamphilio</span> <span class='ocrx_word' id='word_1_184' title='bbox 1599 1558 1905 1599; x_wconf 88' lang='lat' dir='ltr'>Bibliothecae</span> 
     </span>
     <span class='ocr_line' id='line_1_21' title="bbox 92 1625 1907 1682; baseline -0.001 -15"><span class='ocrx_word' id='word_1_185' title='bbox 92 1628 332 1668; x_wconf 89' lang='lat' dir='ltr'>Vaticanae</span> <span class='ocrx_word' id='word_1_186' title='bbox 359 1635 455 1667; x_wconf 91' lang='lat' dir='ltr'>tum</span> <span class='ocrx_word' id='word_1_187' title='bbox 482 1626 687 1682; x_wconf 89' lang='lat' dir='ltr'>praeside</span> <span class='ocrx_word' id='word_1_188' title='bbox 714 1626 964 1666; x_wconf 89' lang='lat' dir='ltr'>Columbus</span> <span class='ocrx_word' id='word_1_189' title='bbox 990 1640 1121 1666; x_wconf 92' lang='lat' dir='ltr'>naves</span> <span class='ocrx_word' id='word_1_190' title='bbox 1147 1626 1347 1666; x_wconf 89' lang='lat' dir='ltr'>Gadibus</span> <span class='ocrx_word' id='word_1_191' title='bbox 1373 1625 1513 1666; x_wconf 87' lang='lat' dir='ltr'>solvit.</span> <span class='ocrx_word' id='word_1_192' title='bbox 1541 1625 1774 1666; x_wconf 86' lang='lat' dir='ltr'>Discordia</span> <span class='ocrx_word' id='word_1_193' title='bbox 1801 1634 1907 1665; x_wconf 90' lang='lat' dir='ltr'>tam-</span> 
     </span>
     <span class='ocr_line' id='line_1_22' title="bbox 94 1692 1906 1747; baseline -0.001 -14"><span class='ocrx_word' id='word_1_194' title='bbox 94 1707 230 1747; x_wconf 91' lang='lat' dir='ltr'>quam</span> <span class='ocrx_word' id='word_1_195' title='bbox 257 1693 395 1733; x_wconf 91' lang='lat' dir='ltr'>altera</span> <span class='ocrx_word' id='word_1_196' title='bbox 421 1694 535 1733; x_wconf 92' lang='lat' dir='ltr'>Iuno</span> <span class='ocrx_word' id='word_1_197' title='bbox 560 1693 814 1746; x_wconf 89' lang='lat' dir='ltr'>Vergiliana</span> <span class='ocrx_word' id='word_1_198' title='bbox 839 1692 990 1732; x_wconf 91' lang='lat' dir='ltr'>labaro</span> <span class='ocrx_word' id='word_1_199' title='bbox 1018 1693 1159 1732; x_wconf 92' lang='lat' dir='ltr'>crucis</span> <span class='ocrx_word' id='word_1_200' title='bbox 1186 1693 1395 1732; x_wconf 88' lang='lat' dir='ltr'>exterrita</span> <span class='ocrx_word' id='word_1_201' title='bbox 1421 1693 1635 1732; x_wconf 92' lang='lat' dir='ltr'>Proteum</span> <span class='ocrx_word' id='word_1_202' title='bbox 1661 1693 1828 1739; x_wconf 88' lang='lat' dir='ltr'>incitat,</span> <span class='ocrx_word' id='word_1_203' title='bbox 1855 1700 1906 1731; x_wconf 91' lang='lat' dir='ltr'>ut</span> 
     </span>
     <span class='ocr_line' id='line_1_23' title="bbox 96 1757 1905 1813; baseline -0.002 -14"><span class='ocrx_word' id='word_1_204' title='bbox 96 1773 219 1799; x_wconf 90' lang='lat' dir='ltr'>mare</span> <span class='ocrx_word' id='word_1_205' title='bbox 240 1758 486 1813; x_wconf 90' lang='lat' dir='ltr'>perturbet.</span> <span class='ocrx_word' id='word_1_206' title='bbox 506 1759 794 1812; x_wconf 88' lang='lat' dir='ltr'>Tempestate</span> <span class='ocrx_word' id='word_1_207' title='bbox 814 1766 915 1797; x_wconf 90' lang='lat' dir='ltr'>orta</span> <span class='ocrx_word' id='word_1_208' title='bbox 932 1758 1098 1806; x_wconf 91' lang='lat' dir='ltr'>Aretia,</span> <span class='ocrx_word' id='word_1_209' title='bbox 1118 1771 1234 1812; x_wconf 89' lang='lat' dir='ltr'>quae</span> <span class='ocrx_word' id='word_1_210' title='bbox 1253 1758 1441 1797; x_wconf 92' lang='lat' dir='ltr'>Veneris</span> <span class='ocrx_word' id='word_1_211' title='bbox 1459 1757 1640 1811; x_wconf 89' lang='lat' dir='ltr'>Vergilii</span> <span class='ocrx_word' id='word_1_212' title='bbox 1663 1771 1905 1811; x_wconf 92' lang='lat' dir='ltr'>personam</span> 
     </span>
     <span class='ocr_line' id='line_1_24' title="bbox 94 1822 1904 1880; baseline -0.001 -15"><span class='ocrx_word' id='word_1_213' title='bbox 94 1825 222 1880; x_wconf 92' lang='lat' dir='ltr'>gerit,</span> <span class='ocrx_word' id='word_1_214' title='bbox 257 1824 315 1865; x_wconf 90' lang='lat' dir='ltr'>ad</span> <span class='ocrx_word' id='word_1_215' title='bbox 347 1825 585 1865; x_wconf 90' lang='lat' dir='ltr'>Summum</span> <span class='ocrx_word' id='word_1_216' title='bbox 617 1824 873 1864; x_wconf 90' lang='lat' dir='ltr'>Tonantem</span> <span class='ocrx_word' id='word_1_217' title='bbox 906 1823 1136 1878; x_wconf 90' lang='lat' dir='ltr'>querelam</span> <span class='ocrx_word' id='word_1_218' title='bbox 1170 1823 1319 1864; x_wconf 88' lang='lat' dir='ltr'>defert</span> <span class='ocrx_word' id='word_1_219' title='bbox 1350 1832 1397 1864; x_wconf 91' lang='lat' dir='ltr'>et</span> <span class='ocrx_word' id='word_1_220' title='bbox 1429 1831 1677 1863; x_wconf 90' lang='lat' dir='ltr'>convocato</span> <span class='ocrx_word' id='word_1_221' title='bbox 1712 1822 1904 1863; x_wconf 91' lang='lat' dir='ltr'>concilio</span> 
     </span>
     <span class='ocr_line' id='line_1_25' title="bbox 94 1890 1905 1946; baseline -0.001 -14"><span class='ocrx_word' id='word_1_222' title='bbox 94 1891 367 1940; x_wconf 89' lang='lat' dir='ltr'>caelestium,</span> <span class='ocrx_word' id='word_1_223' title='bbox 386 1891 512 1946; x_wconf 92' lang='lat' dir='ltr'>quod</span> <span class='ocrx_word' id='word_1_224' title='bbox 529 1891 619 1931; x_wconf 86' lang='lat' dir='ltr'>fata</span> <span class='ocrx_word' id='word_1_225' title='bbox 634 1890 691 1931; x_wconf 92' lang='lat' dir='ltr'>ab</span> <span class='ocrx_word' id='word_1_226' title='bbox 706 1891 888 1931; x_wconf 91' lang='lat' dir='ltr'>inimica</span> <span class='ocrx_word' id='word_1_227' title='bbox 904 1904 983 1931; x_wconf 91' lang='lat' dir='ltr'>sua</span> <span class='ocrx_word' id='word_1_228' title='bbox 1000 1890 1338 1946; x_wconf 89' lang='lat' dir='ltr'>prohibeantur,</span> <span class='ocrx_word' id='word_1_229' title='bbox 1355 1890 1660 1945; x_wconf 92' lang='lat' dir='ltr'>conqueritur.</span> <span class='ocrx_word' id='word_1_230' title='bbox 1679 1890 1764 1930; x_wconf 92' lang='lat' dir='ltr'>Cui</span> <span class='ocrx_word' id='word_1_231' title='bbox 1784 1890 1905 1930; x_wconf 93' lang='lat' dir='ltr'>Deus</span> 
     </span>
     <span class='ocr_line' id='line_1_26' title="bbox 96 1956 1908 2014; baseline -0.001 -14"><span class='ocrx_word' id='word_1_232' title='bbox 96 1958 344 2014; x_wconf 92' lang='lat' dir='ltr'>respondet</span> <span class='ocrx_word' id='word_1_233' title='bbox 365 1959 455 1999; x_wconf 85' lang='lat' dir='ltr'>fata</span> <span class='ocrx_word' id='word_1_234' title='bbox 476 1958 637 1999; x_wconf 88' lang='lat' dir='ltr'>mutari</span> <span class='ocrx_word' id='word_1_235' title='bbox 661 1972 756 1999; x_wconf 90' lang='lat' dir='ltr'>non</span> <span class='ocrx_word' id='word_1_236' title='bbox 778 1972 923 2013; x_wconf 90' lang='lat' dir='ltr'>posse.</span> <span class='ocrx_word' id='word_1_237' title='bbox 945 1958 1199 1999; x_wconf 90' lang='lat' dir='ltr'>Venturum</span> <span class='ocrx_word' id='word_1_238' title='bbox 1220 1971 1317 1998; x_wconf 90' lang='lat' dir='ltr'>esse</span> <span class='ocrx_word' id='word_1_239' title='bbox 1339 1957 1475 2006; x_wconf 92' lang='lat' dir='ltr'>diem,</span> <span class='ocrx_word' id='word_1_240' title='bbox 1498 1971 1591 2012; x_wconf 94' lang='lat' dir='ltr'>quo</span> <span class='ocrx_word' id='word_1_241' title='bbox 1613 1956 1688 1998; x_wconf 92' lang='lat' dir='ltr'>die</span> <span class='ocrx_word' id='word_1_242' title='bbox 1710 1956 1908 1998; x_wconf 92' lang='lat' dir='ltr'>Christo-</span> 
     </span>
     <span class='ocr_line' id='line_1_27' title="bbox 96 2023 1907 2081; baseline -0.001 -15"><span class='ocrx_word' id='word_1_243' title='bbox 96 2025 267 2081; x_wconf 92' lang='lat' dir='ltr'>phorus</span> <span class='ocrx_word' id='word_1_244' title='bbox 291 2039 459 2066; x_wconf 89' lang='lat' dir='ltr'>novum</span> <span class='ocrx_word' id='word_1_245' title='bbox 483 2025 643 2066; x_wconf 91' lang='lat' dir='ltr'>orbem</span> <span class='ocrx_word' id='word_1_246' title='bbox 669 2033 917 2065; x_wconf 92' lang='lat' dir='ltr'>retecturus</span> <span class='ocrx_word' id='word_1_247' title='bbox 940 2025 997 2065; x_wconf 91' lang='lat' dir='ltr'>sit</span> <span class='ocrx_word' id='word_1_248' title='bbox 1017 2025 1259 2079; x_wconf 90' lang='lat' dir='ltr'>Auriaque,</span> <span class='ocrx_word' id='word_1_249' title='bbox 1285 2025 1400 2079; x_wconf 90' lang='lat' dir='ltr'>regis</span> <span class='ocrx_word' id='word_1_250' title='bbox 1424 2024 1598 2064; x_wconf 93' lang='lat' dir='ltr'>Cubani</span> <span class='ocrx_word' id='word_1_251' title='bbox 1625 2023 1717 2064; x_wconf 90' lang='lat' dir='ltr'>filia</span> <span class='ocrx_word' id='word_1_252' title='bbox 1739 2023 1819 2064; x_wconf 91' lang='lat' dir='ltr'>sibi</span> <span class='ocrx_word' id='word_1_253' title='bbox 1845 2024 1907 2064; x_wconf 94' lang='lat' dir='ltr'>ob</span> 
     </span>
     <span class='ocr_line' id='line_1_28' title="bbox 97 2092 1907 2148; baseline -0.001 -15"><span class='ocrx_word' id='word_1_254' title='bbox 97 2093 311 2148; x_wconf 89' lang='lat' dir='ltr'>pietatem</span> <span class='ocrx_word' id='word_1_255' title='bbox 343 2092 505 2133; x_wconf 90' lang='lat' dir='ltr'>dilecta</span> <span class='ocrx_word' id='word_1_256' title='bbox 534 2093 747 2133; x_wconf 89' lang='lat' dir='ltr'>Americo</span> <span class='ocrx_word' id='word_1_257' title='bbox 778 2092 837 2132; x_wconf 92' lang='lat' dir='ltr'>illi</span> <span class='ocrx_word' id='word_1_258' title='bbox 868 2092 1016 2132; x_wconf 90' lang='lat' dir='ltr'>Tusco</span> <span class='ocrx_word' id='word_1_259' title='bbox 1050 2100 1245 2147; x_wconf 90' lang='lat' dir='ltr'>nuptura</span> <span class='ocrx_word' id='word_1_260' title='bbox 1275 2092 1461 2132; x_wconf 90' lang='lat' dir='ltr'>nomine</span> <span class='ocrx_word' id='word_1_261' title='bbox 1494 2099 1667 2132; x_wconf 90' lang='lat' dir='ltr'>mutato</span> <span class='ocrx_word' id='word_1_262' title='bbox 1698 2092 1907 2132; x_wconf 92' lang='lat' dir='ltr'>America</span> 
     </span>
     <span class='ocr_line' id='line_1_29' title="bbox 97 2158 1909 2214; baseline -0.001 -14"><span class='ocrx_word' id='word_1_263' title='bbox 97 2160 247 2200; x_wconf 87' lang='lat' dir='ltr'>futura</span> <span class='ocrx_word' id='word_1_264' title='bbox 265 2160 332 2200; x_wconf 87' lang='lat' dir='ltr'>sit.</span> <span class='ocrx_word' id='word_1_265' title='bbox 352 2160 505 2214; x_wconf 84' lang='lat' dir='ltr'>Quam</span> <span class='ocrx_word' id='word_1_266' title='bbox 522 2160 708 2200; x_wconf 87' lang='lat' dir='ltr'>Auriam</span> <span class='ocrx_word' id='word_1_267' title='bbox 727 2167 864 2214; x_wconf 90' lang='lat' dir='ltr'>poeta</span> <span class='ocrx_word' id='word_1_268' title='bbox 881 2167 928 2199; x_wconf 92' lang='lat' dir='ltr'>et</span> <span class='ocrx_word' id='word_1_269' title='bbox 945 2159 1149 2199; x_wconf 68' lang='lat' dir='ltr'>laviniae</span> <span class='ocrx_word' id='word_1_270' title='bbox 1167 2167 1214 2199; x_wconf 91' lang='lat' dir='ltr'>et</span> <span class='ocrx_word' id='word_1_271' title='bbox 1231 2158 1443 2199; x_wconf 90' lang='lat' dir='ltr'>Camillae</span> <span class='ocrx_word' id='word_1_272' title='bbox 1461 2159 1683 2213; x_wconf 90' lang='lat' dir='ltr'>virginum</span> <span class='ocrx_word' id='word_1_273' title='bbox 1700 2158 1909 2213; x_wconf 90' lang='lat' dir='ltr'>Vergilia-</span> 
     </span>
     <span class='ocr_line' id='line_1_30' title="bbox 98 2226 1906 2282; baseline -0.001 -14"><span class='ocrx_word' id='word_1_274' title='bbox 98 2241 257 2268; x_wconf 91' lang='lat' dir='ltr'>narum</span> <span class='ocrx_word' id='word_1_275' title='bbox 280 2227 482 2268; x_wconf 90' lang='lat' dir='ltr'>moribus</span> <span class='ocrx_word' id='word_1_276' title='bbox 504 2226 754 2282; x_wconf 88' lang='lat' dir='ltr'>praeditam</span> <span class='ocrx_word' id='word_1_277' title='bbox 777 2227 918 2282; x_wconf 86' lang='lat' dir='ltr'>fingit.</span> <span class='ocrx_word' id='word_1_278' title='bbox 941 2227 1024 2267; x_wconf 90' lang='lat' dir='ltr'>His</span> <span class='ocrx_word' id='word_1_279' title='bbox 1045 2226 1173 2267; x_wconf 91' lang='lat' dir='ltr'>dictis</span> <span class='ocrx_word' id='word_1_280' title='bbox 1197 2226 1367 2282; x_wconf 86' lang='lat' dir='ltr'>placata</span> <span class='ocrx_word' id='word_1_281' title='bbox 1385 2226 1539 2266; x_wconf 90' lang='lat' dir='ltr'>Aretia</span> <span class='ocrx_word' id='word_1_282' title='bbox 1558 2226 1836 2266; x_wconf 90' lang='lat' dir='ltr'>Teneriffam</span> <span class='ocrx_word' id='word_1_283' title='bbox 1858 2239 1906 2266; x_wconf 94' lang='lat' dir='ltr'>se</span> 
     </span>
     <span class='ocr_line' id='line_1_31' title="bbox 96 2293 1909 2349; baseline -0.001 -14"><span class='ocrx_word' id='word_1_284' title='bbox 96 2295 287 2343; x_wconf 86' lang='lat' dir='ltr'>confert,</span> <span class='ocrx_word' id='word_1_285' title='bbox 318 2302 369 2335; x_wconf 91' lang='lat' dir='ltr'>ut</span> <span class='ocrx_word' id='word_1_286' title='bbox 397 2295 553 2335; x_wconf 92' lang='lat' dir='ltr'>omnia</span> <span class='ocrx_word' id='word_1_287' title='bbox 582 2293 790 2334; x_wconf 90' lang='lat' dir='ltr'>adventui</span> <span class='ocrx_word' id='word_1_288' title='bbox 822 2293 1033 2334; x_wconf 89' lang='lat' dir='ltr'>Columbi</span> <span class='ocrx_word' id='word_1_289' title='bbox 1065 2302 1315 2349; x_wconf 90' lang='lat' dir='ltr'>praeparet,</span> <span class='ocrx_word' id='word_1_290' title='bbox 1346 2307 1483 2348; x_wconf 93' lang='lat' dir='ltr'>quem</span> <span class='ocrx_word' id='word_1_291' title='bbox 1515 2301 1756 2348; x_wconf 88' lang='lat' dir='ltr'>tempestas</span> <span class='ocrx_word' id='word_1_292' title='bbox 1786 2306 1812 2333; x_wconf 94' lang='lat' dir='ltr'>a</span> <span class='ocrx_word' id='word_1_293' title='bbox 1842 2306 1909 2333; x_wconf 94' lang='lat' dir='ltr'>so-</span> 
     </span>
     <span class='ocr_line' id='line_1_32' title="bbox 97 2360 1910 2416; baseline -0.001 -14"><span class='ocrx_word' id='word_1_294' title='bbox 97 2361 269 2402; x_wconf 89' lang='lat' dir='ltr'>dalibus</span> <span class='ocrx_word' id='word_1_295' title='bbox 295 2361 508 2410; x_wconf 90' lang='lat' dir='ltr'>distraxit,</span> <span class='ocrx_word' id='word_1_296' title='bbox 535 2374 732 2416; x_wconf 88' lang='lat' dir='ltr'>quorum</span> <span class='ocrx_word' id='word_1_297' title='bbox 759 2374 889 2401; x_wconf 89' lang='lat' dir='ltr'>naves</span> <span class='ocrx_word' id='word_1_298' title='bbox 914 2360 1030 2401; x_wconf 92' lang='lat' dir='ltr'>duce</span> <span class='ocrx_word' id='word_1_299' title='bbox 1054 2361 1212 2409; x_wconf 90' lang='lat' dir='ltr'>Vasco,</span> <span class='ocrx_word' id='word_1_300' title='bbox 1238 2374 1375 2415; x_wconf 92' lang='lat' dir='ltr'>quem</span> <span class='ocrx_word' id='word_1_301' title='bbox 1402 2360 1574 2400; x_wconf 91' lang='lat' dir='ltr'>Ilioneo</span> <span class='ocrx_word' id='word_1_302' title='bbox 1598 2360 1779 2414; x_wconf 92' lang='lat' dir='ltr'>Vergilii</span> <span class='ocrx_word' id='word_1_303' title='bbox 1806 2374 1910 2400; x_wconf 91' lang='lat' dir='ltr'>con-</span> 
     </span>
     <span class='ocr_line' id='line_1_33' title="bbox 98 2427 1904 2482; baseline -0.001 -14"><span class='ocrx_word' id='word_1_304' title='bbox 98 2429 213 2468; x_wconf 84' lang='lat' dir='ltr'>feras</span> <span class='ocrx_word' id='word_1_305' title='bbox 229 2436 426 2482; x_wconf 87' lang='lat' dir='ltr'>oportet,</span> <span class='ocrx_word' id='word_1_306' title='bbox 442 2427 500 2468; x_wconf 89' lang='lat' dir='ltr'>ad</span> <span class='ocrx_word' id='word_1_307' title='bbox 515 2428 753 2467; x_wconf 85' lang='lat' dir='ltr'>Canariam</span> <span class='ocrx_word' id='word_1_308' title='bbox 768 2427 957 2467; x_wconf 89' lang='lat' dir='ltr'>insulam</span> <span class='ocrx_word' id='word_1_309' title='bbox 973 2427 1185 2482; x_wconf 89' lang='lat' dir='ltr'>appulsae</span> <span class='ocrx_word' id='word_1_310' title='bbox 1201 2435 1316 2467; x_wconf 92' lang='lat' dir='ltr'>sunt.</span> <span class='ocrx_word' id='word_1_311' title='bbox 1332 2427 1589 2467; x_wconf 85' lang='lat' dir='ltr'>Teneriffae</span> <span class='ocrx_word' id='word_1_312' title='bbox 1604 2427 1651 2466; x_wconf 91' lang='lat' dir='ltr'>in</span> <span class='ocrx_word' id='word_1_313' title='bbox 1667 2435 1798 2480; x_wconf 92' lang='lat' dir='ltr'>porta</span> <span class='ocrx_word' id='word_1_314' title='bbox 1812 2427 1904 2466; x_wconf 91' lang='lat' dir='ltr'>Iani</span> 
     </span>
     <span class='ocr_line' id='line_1_34' title="bbox 96 2493 1908 2547; baseline -0.001 -13"><span class='ocrx_word' id='word_1_315' title='bbox 96 2495 250 2534; x_wconf 88' lang='lat' dir='ltr'>Aretia</span> <span class='ocrx_word' id='word_1_316' title='bbox 267 2494 388 2534; x_wconf 92' lang='lat' dir='ltr'>hunc</span> <span class='ocrx_word' id='word_1_317' title='bbox 404 2507 582 2533; x_wconf 90' lang='lat' dir='ltr'>versum</span> <span class='ocrx_word' id='word_1_318' title='bbox 601 2494 771 2533; x_wconf 89' lang='lat' dir='ltr'>invenit</span> <span class='ocrx_word' id='word_1_319' title='bbox 786 2494 1062 2547; x_wconf 90' lang='lat' dir='ltr'>inscriptum:</span> <span class='ocrx_word' id='word_1_320' title='bbox 1084 2494 1249 2533; x_wconf 88' lang='lat' dir='ltr'>“Ianua</span> <span class='ocrx_word' id='word_1_321' title='bbox 1267 2493 1490 2547; x_wconf 89' lang='lat' dir='ltr'>pandetur</span> <span class='ocrx_word' id='word_1_322' title='bbox 1509 2493 1629 2540; x_wconf 91' lang='lat' dir='ltr'>nulli,</span> <span class='ocrx_word' id='word_1_323' title='bbox 1648 2506 1765 2547; x_wconf 92' lang='lat' dir='ltr'>quae</span> <span class='ocrx_word' id='word_1_324' title='bbox 1783 2493 1908 2532; x_wconf 91' lang='lat' dir='ltr'>ducit</span> 
     </span>
     <span class='ocr_line' id='line_1_35' title="bbox 97 2558 1908 2615; baseline -0.001 -14"><span class='ocrx_word' id='word_1_325' title='bbox 97 2560 155 2601; x_wconf 92' lang='lat' dir='ltr'>ad</span> <span class='ocrx_word' id='word_1_326' title='bbox 175 2559 354 2609; x_wconf 93' lang='lat' dir='ltr'>Indos,”</span> <span class='ocrx_word' id='word_1_327' title='bbox 377 2574 514 2615; x_wconf 93' lang='lat' dir='ltr'>quem</span> <span class='ocrx_word' id='word_1_328' title='bbox 535 2560 596 2600; x_wconf 88' lang='lat' dir='ltr'>ita</span> <span class='ocrx_word' id='word_1_329' title='bbox 617 2567 771 2600; x_wconf 88' lang='lat' dir='ltr'>mutat:</span> <span class='ocrx_word' id='word_1_330' title='bbox 795 2559 950 2600; x_wconf 88' lang='lat' dir='ltr'>“India</span> <span class='ocrx_word' id='word_1_331' title='bbox 970 2559 1205 2615; x_wconf 91' lang='lat' dir='ltr'>pandetur,</span> <span class='ocrx_word' id='word_1_332' title='bbox 1228 2560 1416 2614; x_wconf 89' lang='lat' dir='ltr'>patn&#39;am</span> <span class='ocrx_word' id='word_1_333' title='bbox 1437 2559 1507 2599; x_wconf 92' lang='lat' dir='ltr'>cui</span> <span class='ocrx_word' id='word_1_334' title='bbox 1530 2559 1667 2599; x_wconf 90' lang='lat' dir='ltr'>Ianua</span> <span class='ocrx_word' id='word_1_335' title='bbox 1688 2558 1835 2608; x_wconf 86' lang='lat' dir='ltr'>fecit;’&#39;</span> <span class='ocrx_word' id='word_1_336' title='bbox 1857 2568 1908 2599; x_wconf 90' lang='lat' dir='ltr'>ut</span> 
     </span>
     <span class='ocr_line' id='line_1_36' title="bbox 98 2626 1909 2682; baseline -0.001 -14"><span class='ocrx_word' id='word_1_337' title='bbox 98 2627 264 2668; x_wconf 88' lang='lat' dir='ltr'>alludat</span> <span class='ocrx_word' id='word_1_338' title='bbox 294 2627 352 2668; x_wconf 88' lang='lat' dir='ltr'>ad</span> <span class='ocrx_word' id='word_1_339' title='bbox 384 2628 573 2682; x_wconf 89' lang='lat' dir='ltr'>patriam</span> <span class='ocrx_word' id='word_1_340' title='bbox 606 2626 817 2667; x_wconf 91' lang='lat' dir='ltr'>Columbi</span> <span class='ocrx_word' id='word_1_341' title='bbox 850 2627 1033 2667; x_wconf 90' lang='lat' dir='ltr'>Ianuam</span> <span class='ocrx_word' id='word_1_342' title='bbox 1064 2627 1132 2667; x_wconf 92' lang='lat' dir='ltr'>vel</span> <span class='ocrx_word' id='word_1_343' title='bbox 1164 2627 1385 2667; x_wconf 91' lang='lat' dir='ltr'>Genuam.</span> <span class='ocrx_word' id='word_1_344' title='bbox 1419 2626 1653 2666; x_wconf 89' lang='lat' dir='ltr'>Discordia</span> <span class='ocrx_word' id='word_1_345' title='bbox 1683 2626 1909 2666; x_wconf 89' lang='lat' dir='ltr'>indefessa</span> 
     </span>
     <span class='ocr_line' id='line_1_37' title="bbox 96 2692 1907 2748; baseline -0.001 -14"><span class='ocrx_word' id='word_1_346' title='bbox 96 2694 439 2734; x_wconf 91' lang='lat' dir='ltr'>Theromantidi</span> <span class='ocrx_word' id='word_1_347' title='bbox 477 2693 698 2734; x_wconf 88' lang='lat' dir='ltr'>sacerdoti</span> <span class='ocrx_word' id='word_1_348' title='bbox 735 2694 940 2748; x_wconf 90' lang='lat' dir='ltr'>imperat,</span> <span class='ocrx_word' id='word_1_349' title='bbox 977 2702 1028 2734; x_wconf 93' lang='lat' dir='ltr'>ut</span> <span class='ocrx_word' id='word_1_350' title='bbox 1063 2693 1237 2734; x_wconf 91' lang='lat' dir='ltr'>sodales</span> <span class='ocrx_word' id='word_1_351' title='bbox 1274 2693 1485 2733; x_wconf 91' lang='lat' dir='ltr'>Columbi</span> <span class='ocrx_word' id='word_1_352' title='bbox 1524 2692 1907 2747; x_wconf 90' lang='lat' dir='ltr'>phantasmatibus</span> 
     </span>
     <span class='ocr_line' id='line_1_38' title="bbox 99 2759 1905 2815; baseline -0.001 -14"><span class='ocrx_word' id='word_1_353' title='bbox 99 2760 324 2801; x_wconf 90' lang='lat' dir='ltr'>Bacchicis</span> <span class='ocrx_word' id='word_1_354' title='bbox 346 2761 393 2801; x_wconf 95' lang='lat' dir='ltr'>in</span> <span class='ocrx_word' id='word_1_355' title='bbox 415 2760 632 2800; x_wconf 88' lang='lat' dir='ltr'>Canariae</span> <span class='ocrx_word' id='word_1_356' title='bbox 655 2759 1096 2815; x_wconf 89' lang='lat' dir='ltr'>detineat-agnoscis</span> <span class='ocrx_word' id='word_1_357' title='bbox 1118 2760 1417 2800; x_wconf 87' lang='lat' dir='ltr'>imitationem</span> <span class='ocrx_word' id='word_1_358' title='bbox 1440 2759 1596 2799; x_wconf 91' lang='lat' dir='ltr'>Circae</span> <span class='ocrx_word' id='word_1_359' title='bbox 1619 2759 1905 2799; x_wconf 91' lang='lat' dir='ltr'>Homericae.</span> 
     </span>
     <span class='ocr_line' id='line_1_39' title="bbox 97 2825 1905 2880; baseline -0.001 -12"><span class='ocrx_word' id='word_1_360' title='bbox 97 2827 414 2868; x_wconf 88' lang='lat' dir='ltr'>Theromantis</span> <span class='ocrx_word' id='word_1_361' title='bbox 441 2826 668 2867; x_wconf 87' lang='lat' dir='ltr'>sodalibus</span> <span class='ocrx_word' id='word_1_362' title='bbox 695 2840 823 2867; x_wconf 93' lang='lat' dir='ltr'>more</span> <span class='ocrx_word' id='word_1_363' title='bbox 851 2826 1075 2867; x_wconf 91' lang='lat' dir='ltr'>Ovidiano</span> <span class='ocrx_word' id='word_1_364' title='bbox 1104 2826 1299 2867; x_wconf 87' lang='lat' dir='ltr'>fabulam</span> <span class='ocrx_word' id='word_1_365' title='bbox 1326 2826 1384 2866; x_wconf 93' lang='lat' dir='ltr'>de</span> <span class='ocrx_word' id='word_1_366' title='bbox 1413 2825 1645 2880; x_wconf 90' lang='lat' dir='ltr'>Eutychies</span> <span class='ocrx_word' id='word_1_367' title='bbox 1672 2834 1719 2866; x_wconf 93' lang='lat' dir='ltr'>et</span> <span class='ocrx_word' id='word_1_368' title='bbox 1746 2825 1905 2866; x_wconf 88' lang='lat' dir='ltr'>Bacchi</span> 
     </span>
    </p>
   </div>
   <div class='ocr_carea' id='block_1_3' title="bbox 179 3024 1335 3078">
    <p class='ocr_par' dir='ltr' id='par_1_4' title="bbox 179 3024 1335 3078">
     <span class='ocr_line' id='line_1_40' title="bbox 179 3024 1335 3078; baseline -0.002 -12"><span class='ocrx_word' id='word_1_369' title='bbox 179 3024 212 3047; x_wconf 83' lang='lat'>²⁰</span> <span class='ocrx_word' id='word_1_370' title='bbox 229 3030 378 3066; x_wconf 88' lang='lat' dir='ltr'>Eodem</span> <span class='ocrx_word' id='word_1_371' title='bbox 395 3030 494 3071; x_wconf 90' lang='lat' dir='ltr'>loco,</span> <span class='ocrx_word' id='word_1_372' title='bbox 517 3029 562 3065; x_wconf 83' lang='lat'>13</span> <span class='ocrx_word' id='word_1_373' title='bbox 580 3041 674 3077; x_wconf 81' lang='lat' dir='ltr'>sqq.;</span> <span class='ocrx_word' id='word_1_374' title='bbox 692 3029 846 3065; x_wconf 89' lang='lat' dir='ltr'>Martini</span> <span class='ocrx_word' id='word_1_375' title='bbox 864 3031 924 3074; x_wconf 86' lang='lat' dir='ltr'>(A.</span> <span class='ocrx_word' id='word_1_376' title='bbox 947 3030 1019 3075; x_wconf 87' lang='grc'><strong>18),</strong></span> <span class='ocrx_word' id='word_1_377' title='bbox 1038 3043 1102 3078; x_wconf 84' lang='grc' dir='ltr'>ορ.</span> <span class='ocrx_word' id='word_1_378' title='bbox 1121 3030 1193 3071; x_wconf 92' lang='lat' dir='ltr'>cit.,</span> <span class='ocrx_word' id='word_1_379' title='bbox 1216 3031 1231 3065; x_wconf 93' lang='grc'><strong>1</strong></span> <span class='ocrx_word' id='word_1_380' title='bbox 1253 3042 1335 3077; x_wconf 92' lang='lat' dir='ltr'>sqq.</span> 
     </span>
    </p>
   </div>
  </div>
 </body>
</html>
