2106 3458
734 199 998 233 HERMANN
1021 199 1270 232 WIEGAND
1813 191 1838 231 8
1853 192 1863 231 Ι
1879 191 1901 231 7

100 363 218 403 inter
242 361 461 403 Barbaros
486 360 622 402 Indos
646 360 797 415 lingua
820 361 974 401 Latina
997 360 1119 416 loqui
1145 361 1234 401 iam
1258 360 1448 401 desueto
1473 360 1665 400 Romam
1691 359 1838 400 redire
1862 361 1909 400 in

101 429 254 470 animo
274 436 354 469 est.

166 496 450 550 Argumento
493 495 630 534 totius
671 494 822 549 open‘s
863 495 1118 534 examinato
1159 494 1414 549 diligentius
1455 494 1743 548 inspiciamus
1784 493 1908 534 locos

100 561 323 617 quosdam
346 560 535 602 selectos
558 559 655 601 libri
679 560 804 608 sexti,
827 568 878 600 ut
899 560 1136 601 consilium
1158 561 1353 600 auctoris
1374 560 1422 600 in
1443 560 1641 600 carmine
1665 559 1907 615 pangendo

101 628 287 669 eluceat.
308 628 410 668 Eius
430 627 527 668 libri
547 628 677 667 initio
697 626 839 667 simile
858 641 885 667 a
900 627 1098 682 Vergilio
1118 635 1363 682 sumptum,
1382 626 1463 666 sed
1482 627 1666 681 proprie
1686 635 1909 666 mutatum

101 708 151 735 ac
197 693 534 749 amplificatum,
581 693 816 733 invenitur:
863 694 1048 741 Auctor,
1094 701 1145 733 ut
1190 701 1411 733 monstret
1455 692 1683 732 Columbo
1730 706 1911 747 semper

102 759 325 801 mundum
346 773 513 800 novum
533 760 581 799 in
600 759 753 799 animo
773 772 884 807 esse,
905 772 1012 799 eum
1031 759 1128 799 cani
1149 758 1324 799 Umbro
1344 766 1589 813 comparat,
1610 759 1686 813 qui
1707 758 1910 798 sollerter

101 840 156 867 ea
175 840 360 882 quoque
382 826 601 874 observat,
623 839 739 881 quae
762 839 857 866 non
875 825 1036 874 videat,
1059 833 1106 866 et
1125 839 1232 866 eum
1251 833 1514 865 venatorem
1535 833 1680 865 terrae
1702 825 1908 880 appellat.

102 894 166 935 Eo
186 893 379 934 maxime
398 907 424 933 a
439 892 638 947 Vergilio
656 891 812 933 differt
829 892 1029 940 carrara,
1049 891 1175 947 quod
1192 891 1322 932 simili
1341 906 1435 932 uno
1455 905 1550 932 non
1567 900 1807 932 contentus
1826 891 1911 932 alia

101 959 239 1009 addit,
259 959 422 1015 quibus
440 959 716 1000 desiderium
735 959 831 999 eius
848 958 1092 999 vehemens
1111 967 1256 999 terrae
1276 972 1417 999 novae
1435 958 1656 999 videndae
1675 959 1908 1014 exprimat.

102 1027 287 1082 Quippe
308 1027 426 1067 inter
447 1026 532 1066 alia
551 1034 739 1081 aegroto
761 1025 952 1066 similem
974 1025 1251 1066 Columbum
1272 1033 1590 1080 repraesentat,
1612 1026 1688 1080 qui
1711 1025 1910 1065 febribus

100 1102 281 1135 vexatus
300 1107 464 1149 aquam
483 1092 662 1134 haun‘re
680 1092 784 1142 vult,
804 1106 920 1147 quae
941 1106 1161 1147 nusquam
1180 1100 1259 1133 est.
1280 1092 1417 1147 Spem
1437 1092 1539 1133 novi
1559 1091 1681 1133 orbis
1700 1092 1909 1147 potiundi

103 1161 346 1216 navigatori
366 1160 514 1201 sidera
532 1174 648 1200 nova
665 1159 871 1200 nondum
889 1160 980 1200 visa
997 1159 1183 1208 addunt,
1202 1173 1319 1214 quae
1338 1160 1463 1200 novis
1482 1159 1741 1200 hominibus
1760 1159 1910 1199 lucere

101 1235 298 1283 oportet.
326 1228 387 1268 At
412 1227 520 1268 socii
549 1240 629 1282 spe
656 1226 818 1267 deiecti
846 1227 1145 1267 inconstantia
1173 1227 1393 1267 mentium
1420 1234 1578 1267 contra
1605 1225 1769 1267 ducem
1798 1240 1914 1267 mur·

103 1303 294 1336 murant.
330 1294 529 1343 Malacia,
564 1293 611 1335 id
645 1302 713 1335 est
746 1294 924 1349 pigritia
957 1294 1103 1342 maris,
1139 1294 1287 1334 statim
1321 1302 1478 1334 exorta
1509 1293 1692 1334 Alvarus
1726 1293 1911 1348 quidam

103 1361 295 1402 “indolis
332 1360 496 1401 Afrae“
536 1361 678 1401 homo
716 1369 894 1415 arrepta
931 1361 1168 1400 occasione
1207 1361 1462 1400 orationem
1500 1360 1648 1408 habet,
1687 1361 1813 1400 cuius
1851 1374 1914 1400 ar-

101 1428 327 1482 gumentis
346 1428 578 1482 percipias,
597 1440 687 1481 qua
705 1435 857 1467 mente
876 1440 926 1467 ac
943 1426 1171 1467 voluntate
1190 1427 1378 1467 Carrara
1396 1427 1637 1467 Columbum
1657 1427 1909 1481 perfecerit.

101 1494 214 1534 Sunt
232 1507 299 1534 ea:

437 1594 503 1634 En
522 1607 614 1649 quo
634 1593 808 1634 verbosi
831 1593 1000 1649 Liguris
1020 1594 1198 1634 vesania
1217 1593 1400 1634 tandem

437 1661 648 1702 Perduxit
668 1661 868 1701 miseros:
890 1675 949 1701 en
968 1675 1083 1716 quos
1102 1661 1353 1701 invenimus
1373 1660 1521 1701 Indos.

436 1729 612 1768 Stamus
632 1728 708 1768 ubi
728 1729 831 1768 vivis
851 1728 918 1767 vel
939 1729 1216 1782 respiramen
1235 1728 1513 1782 ademptum;

436 1794 611 1834 Scilicet
629 1794 718 1834 hoc
738 1795 874 1834 etiam
895 1794 1100 1842 restabat,
1121 1803 1171 1833 ut
1190 1794 1424 1848 improbus
1443 1795 1526 1833 iste

437 1860 624 1908 Praedo,
640 1859 804 1900 domos
819 1868 1073 1915 postquam,
1088 1859 1240 1900 dulces
1254 1874 1359 1900 cum
1373 1860 1566 1914 coniuge
1582 1868 1710 1900 natos

436 1926 642 1975 Abstulit,
663 1927 703 1967 8c
724 1934 902 1976 terram,
925 1935 1102 1982 raperet
1121 1935 1225 1982 post
1243 1927 1398 1967 omnia
1417 1926 1623 1975 Coelum,

437 1994 563 2048 Quin
580 1995 729 2048 ipsum
748 2007 871 2034 mare
890 2008 982 2049 quo
999 1994 1216 2034 vehimur:
1238 2008 1332 2034 non
1349 1994 1550 2034 cernitis?
1568 1993 1711 2034 haesit

436 2061 642 2116 Torpens
662 2061 797 2109 unda,
819 2075 903 2101 nec
922 2062 987 2101 ire
1007 2061 1110 2101 licet
1127 2062 1375 2116 vetitumque
1395 2061 1555 2101 redire.

436 2128 493 2168 Ni
515 2127 656 2176 fallor,
678 2127 802 2167 locus
822 2127 894 2167 hic
911 2141 1025 2167 sacer
1040 2136 1120 2176 est,
1141 2127 1406 2182 hominique
1426 2133 1619 2182 negatum

441 2194 634 2249 Tangere:
656 2207 832 2234 summa
851 2194 1013 2234 Parens
1034 2208 1198 2243 rerum,
1220 2208 1312 2249 quo
1334 2194 1448 2234 fessa
1467 2194 1638 2234 diurnis

437 2260 644 2302 Membra
664 2261 918 2302 ministeriis
939 2261 1122 2302 tandem
1143 2262 1423 2317 requiescere
1444 2270 1641 2317 possent,

438 2329 548 2378 Hac,
571 2328 728 2384 procul
748 2342 804 2369 ex
822 2328 1060 2369 hominum
1079 2328 1226 2384 vulgo,
1249 2329 1434 2384 regione
1456 2330 1631 2369 remota

438 2397 670 2452 Quaesivit
688 2410 874 2437 somnos
893 2411 943 2437 ac
964 2397 997 2437 si
1020 2397 1170 2452 pudor
1188 2405 1318 2446 esset,
1339 2397 1528 2437 alumnis

438 2464 574 2504 Cerni
597 2477 729 2518 posse
749 2464 851 2512 suis,
874 2464 914 2504 8c
934 2478 1028 2504 non
1047 2478 1242 2519 operosa
1259 2463 1412 2504 videri.

438 2530 556 2571 Illius
576 2543 789 2570 arcanum
808 2530 934 2585 quod
952 2531 1167 2586 vestigare
1188 2530 1333 2571 cubile

437 2597 651 2652 Sacrilegis
669 2597 764 2637 ausi
783 2598 913 2646 remis,
935 2597 1013 2637 has
1034 2597 1234 2652 pendere
1249 2602 1404 2652 poenas

439 2664 671 2719 Cogimur:
692 2678 783 2704 una
802 2672 954 2705 tamen
974 2673 1177 2720 superest
1195 2665 1276 2714 via,
1296 2664 1466 2720 grande
1481 2664 1635 2719 piandi

436 2731 654 2779 Delictum,
676 2732 710 2771 si
731 2745 864 2772 causa
883 2731 984 2772 mali
1004 2732 1125 2772 cadat
1143 2732 1275 2772 hostia
1292 2732 1453 2772 Ductor.
1470 2724 1509 2751 ²²

184 2971 216 2995 ²²
238 2976 449 3012 Ubertinus
472 2976 644 3018 Carrara,
669 2976 859 3012 Columbus
882 2977 1032 3012 Carmen
1054 2977 1200 3025 Epicum
1224 3004 1231 3011 .
1247 3004 1254 3011 .
1270 3004 1277 3011 .
1295 3004 1303 3018 ,
1327 2977 1501 3021 (Romae;
1523 2976 1636 3024 Typis
1660 2976 1802 3011 Rocchi
1827 2977 1914 3011 Ber-

106 3031 219 3074 nabo,
238 3031 468 3076 MDCCXV)
486 3031 521 3073 6,
539 3043 577 3079 p.
600 3031 682 3073 130,
699 3043 731 3066 ν.
754 3030 900 3067 159-76
917 3033 1154 3077 (numeratio
1170 3044 1350 3067 versuum
1370 3043 1456 3066 mea
1473 3032 1557 3075 est).
