2086 3464
732 217 945 251 ANGELA
969 219 1255 252 MINICUCCI
1804 213 1886 252 501

159 375 201 415 Si
223 375 322 430 quis
342 388 397 415 ea
416 374 522 430 legit
541 388 657 430 quae
677 375 736 415 de
756 377 997 417 comoedia
1015 386 1061 418 et
1081 391 1201 418 anno
1226 378 1357 418 1596·
1381 385 1428 418 et
1447 391 1567 418 anno
1593 371 1748 420 1612·²
1770 378 1902 419 disse-

93 442 181 481 ruit
205 441 301 481 eius
325 442 545 496 vestigans
570 449 774 482 naturam
801 451 1019 498 notasque
1046 443 1290 499 peculiares
1315 452 1449 499 atque
1473 457 1528 484 ea
1552 445 1758 499 aperiens
1783 459 1898 500 quae

91 515 241 547 essent
274 520 300 547 a
334 515 471 562 poeta
504 507 796 562 assequenda,
831 509 871 548 ei
910 510 1196 550 manifestum
1230 510 1315 550 etit
1348 509 1428 550 sibi
1464 523 1570 550 eum
1605 518 1709 550 ante
1743 511 1899 551 oculos

92 573 295 627 posuisse
323 573 591 627 intentoque
619 573 772 613 animo
802 574 1094 628 perpendisse
1124 575 1292 615 fabulas
1320 589 1346 616 a
1373 575 1528 616 Plauto
1557 584 1604 616 et
1631 590 1657 616 a
1683 576 1897 617 Terentio

91 647 347 694 compactas
365 639 489 694 quasi
509 639 714 695 exempla
732 640 943 680 omnibus
962 642 1159 682 numeris
1178 642 1378 697 perfecta
1394 650 1529 697 atque
1547 642 1762 691 absoluta,
1783 657 1899 698 quae

91 705 434 747 comoediarum
456 707 695 761 scriptores
717 707 998 748 imitarentur
1021 708 1115 749 fere
1137 701 1324 749 omnia.³
1346 709 1450 750 Mea
1470 708 1656 764 quidem
1678 711 1899 751 sententia

91 772 229 814 Plauti
259 781 306 814 et
332 773 530 814 Terentii
560 773 820 814 comoedias
850 775 1012 829 partim
1039 775 1237 816 Thomas
1266 775 1372 831 legit
1398 777 1494 831 ipse
1524 777 1686 831 partim
1715 776 1898 832 oblique

91 840 215 879 novit
243 853 324 894 per
352 839 461 879 alios
489 841 741 894 scriptores.
772 841 945 881 Laudes
974 855 1083 896 quas
1112 842 1267 882 Plauto
1296 851 1342 882 et
1367 843 1582 882 Terentio
1612 843 1766 883 tribuit
1793 858 1897 884 cum

91 905 295 945 laudibus
322 919 349 945 a
374 906 544 945 Ioanne
573 906 816 946 Boccaccio
845 906 1018 947 tributis
1045 908 1106 947 ita
1133 916 1389 962 congruunt
1414 917 1549 962 atque
1577 910 1823 949 concinunt
1850 919 1900 949 ut

90 970 331 1011 adfirmare
354 984 448 1011 non
469 970 673 1011 dubitem
695 985 769 1012 eas
791 985 818 1012 a
837 972 1137 1013 Certaldensis
1161 974 1410 1028 Genealogia
1431 974 1478 1014 in
1499 987 1615 1028 opus
1637 974 1898 1029 perfluxisse

89 1036 148 1077 de
168 1046 262 1077 arte
284 1038 463 1092 poetica
481 1052 507 1078 a
526 1037 718 1078 Calabro
739 1039 956 1093 scriptore
977 1038 1124 1079 Italice
1144 1033 1408 1080 exaratum.⁴

155 1103 422 1144 Adulescens
434 1105 554 1144 enim
567 1104 635 1144 ille
647 1104 921 1145 doctissimus
935 1105 1131 1146 Plautum
1144 1114 1189 1146 et
1198 1107 1453 1147 Terentium
1466 1108 1625 1161 passim
1639 1109 1898 1148 nominatim

91 1178 273 1210 revocat.
300 1170 557 1224 Captivorum
582 1171 854 1211 mentionem
879 1172 979 1211 facit
1001 1180 1182 1226 propter
1205 1186 1272 1212 res
1297 1186 1427 1212 novas
1451 1181 1581 1227 atque
1605 1174 1848 1228 inopinatas
1873 1188 1899 1214 a

90 1235 240 1275 Plauto
272 1236 432 1276 mimm
463 1237 509 1276 in
540 1236 726 1276 modum
756 1237 948 1277 inventas
979 1246 1108 1292 atque
1139 1246 1373 1278 contextas.
1403 1239 1594 1279 Terentii
1624 1240 1822 1279 Andriam
1854 1249 1899 1280 et

86 1302 327 1342 Eunuchum
348 1302 523 1357 Hecyrae
545 1303 794 1357 anteposuit
816 1302 876 1344 ob
900 1312 1132 1359 praecepta
1153 1304 1210 1345 de
1235 1304 1429 1345 moribus
1453 1304 1576 1360 plura
1598 1314 1643 1346 et
1665 1305 1894 1347 crebriora.

86 1369 285 1409 Andriam
305 1383 410 1409 eum
429 1369 533 1409 iuvit
551 1370 597 1410 in
616 1370 843 1424 epitomen
862 1384 1033 1425 cogere.
1052 1370 1196 1411 Verba
1214 1371 1496 1412 Parmenonis
1515 1371 1623 1412 haec
1644 1374 1899 1413 memoriter

88 1449 143 1476 ex
158 1436 353 1476 Eunucho
373 1444 555 1476 revocat:
578 1436 777 1477 “fraudes
795 1437 957 1477 bellum
978 1451 1061 1492 pax
1080 1437 1250 1478 rursus'’
1271 1438 1341 1490 (cf.
1361 1452 1422 1479 vv,
1443 1431 1637 1491 59-61).⁵

155 1503 206 1543 In
221 1503 463 1543 Poeticorum
483 1503 593 1543 libro
613 1517 730 1543 anno
755 1504 883 1546 1612·
906 1504 1089 1559 Neapoli
1110 1506 1156 1545 in
1176 1506 1430 1546 taeterrimis
1449 1506 1625 1546 vinculis
1645 1515 1820 1547 exarato
1841 1507 1897 1547 de

88 1569 323 1608 comoedia
337 1570 431 1609 fuse
446 1583 577 1623 agens
591 1570 846 1610 Terentium
860 1584 906 1610 se
921 1571 1065 1624 ipsum
1079 1571 1394 1611 defendentem
1410 1581 1627 1612 memorat
1639 1574 1898 1627 saepiusque

88 1634 144 1674 ad
164 1634 362 1674 Plautum
383 1635 505 1675 redit.
527 1635 794 1675 Comoedias
813 1637 1000 1690 optimas
1021 1650 1092 1676 eas
1112 1651 1206 1677 esse
1226 1638 1497 1677 contendens
1517 1639 1563 1678 in
1583 1638 1739 1693 quibus
1759 1653 1900 1679 exem-

89 1700 209 1756 plum
238 1701 439 1742 fortunae
466 1702 567 1742 insit
592 1715 694 1742 curn
721 1702 924 1757 exemplo
950 1704 1113 1744 virtutis
1141 1712 1186 1744 et
1211 1705 1371 1744 amoris
1398 1705 1682 1745 coniunctum
1711 1706 1897 1760 Captivos

88 1769 267 1823 profert.
288 1769 436 1823 Quam
457 1768 645 1809 fabulam
666 1769 1001 1824 pulcherrimam
1021 1770 1211 1811 habitam
1230 1772 1411 1826 exponit
1427 1771 1674 1812 breviatam.

155 1835 188 1875 E
203 1835 411 1890 plautinis
426 1835 588 1876 salibus
603 1850 746 1876 unum
761 1845 934 1877 tantum
952 1846 1129 1877 revocat
1143 1837 1305 1892 lepide,
1322 1847 1372 1878 ut
1385 1839 1458 1887 ait,
1474 1838 1658 1879 dictum.
1675 1839 1894 1880 Illudendi

87 1901 210 1940 enim
228 1914 361 1941 causa
379 1901 583 1941 Plautum
602 1902 763 1942 dixisse
782 1903 979 1942 affirmat
997 1903 1156 1957 “proh,
1177 1903 1397 1943 fundum'’
1417 1918 1521 1944 cum
1539 1905 1670 1944 vellet
1688 1905 1900 1959 “profun-

87 1966 225 2006 dum”
255 1966 420 2006 dicere.
449 1968 554 2021 Qua
580 1969 627 2007 in
656 1981 703 2008 re
731 1969 891 2008 erravit
917 1969 989 2008 ille
1017 1969 1214 2023 quidem.
1245 1971 1296 2009 In
1321 1983 1451 2009 versu
1478 1971 1601 2010 enim
1630 1971 1896 2025 Captivorum

92 2032 210 2075 182⁸:

86 2259 125 2292 di
146 2259 185 2293 L.
205 2259 330 2306 Firpo.
350 2260 474 2293 Scritti
493 2260 661 2294 letterari
681 2261 854 2304 (Milanoz
873 2262 917 2295 A.
938 2262 1172 2296 Mondadori
1192 2263 1354 2303 editore,
1378 2263 1501 2306 1954),
1521 2263 1607 2304 336,
1627 2264 1789 2304 408-13,
1809 2265 1895 2305 412;

86 2312 285 2356 (volumen
301 2312 376 2347 hoc
392 2312 493 2347 infra
508 2313 641 2348 litteris
660 2314 939 2349 memorabitur
954 2314 1036 2359 SL);
1054 2315 1320 2350 “Poeticorum
1338 2315 1435 2350 liber
1451 2316 1576 2350 unus‘'
1593 2316 1633 2351 in
1649 2316 1714 2358 SL,
1732 2317 1894 2359 906-12,

86 2365 172 2407 934,
195 2366 303 2408 1034,
326 2366 498 2402 1152-62
517 2375 588 2401 etc.

166 2420 182 2442 ²
198 2426 316 2460 Anno
338 2425 451 2461 1612·
471 2426 542 2461 Th.
561 2426 811 2475 Campanella
826 2427 1039 2462 Poeticorum
1058 2428 1200 2463 librum
1219 2437 1478 2463 memoratum
1497 2430 1733 2477 conscripsit.

166 2478 182 2501 ³
207 2485 425 2520 Comoedia
449 2498 528 2521 una
553 2499 576 2521 a
600 2487 741 2522 Sfortia
766 2488 874 2522 Oddi
900 2489 1116 2537 conscripta
1142 2490 1321 2537 plautinis
1349 2490 1530 2523 omnibus
1556 2490 1591 2524 ei
1618 2490 1769 2524 videtur
1795 2499 1897 2525 ante-

86 2540 272 2587 ponenda
289 2551 338 2574 eo
355 2541 464 2588 quod
481 2549 616 2575 auctor
633 2553 655 2576 e
673 2542 877 2590 proposito
894 2543 1073 2577 homines
1089 2543 1208 2577 voluit
1227 2555 1388 2577 monere
1406 2544 1700 2592 praeceptisque
1718 2544 1895 2579 imbuere

86 2593 136 2627 de
152 2601 255 2628 recta
268 2593 418 2628 vivendi
434 2594 582 2629 ratione
597 2595 649 2629 ita
662 2603 706 2629 ut
720 2596 769 2630 ad
783 2596 928 2630 bonam
944 2596 1095 2644 frugem
1110 2597 1398 2631 adducerentur
1412 2605 1451 2631 et
1465 2597 1572 2644 quasi
1589 2606 1832 2645 cogerentur:
1847 2598 1894 2633 cf.

85 2646 296 2682 Tommaso
313 2647 574 2696 Campanella,
594 2648 791 2684 “Poetica”
810 2650 850 2684 in
866 2650 932 2691 SL,
950 2650 1036 2685 413.

166 2701 182 2722 ⁴
195 2705 385 2741 Giovanni
400 2706 618 2749 Boccaccio,
633 2707 841 2756 Genealogie
853 2708 994 2742 deorum
1006 2709 1191 2756 gentilium
1207 2709 1299 2750 libri,
1313 2721 1335 2743 a
1349 2721 1440 2743 cura
1454 2709 1493 2743 di
1506 2709 1551 2743 V.
1566 2709 1756 2751 Romano,
1770 2710 1794 2746 2
1808 2711 1893 2744 voll.

86 2760 200 2804 (Bariz
217 2760 264 2795 G.
282 2760 439 2795 Laterza
454 2773 475 2796 e
492 2761 593 2809 Figli,
614 2762 738 2806 1951),
754 2761 878 2798 2:707.
895 2763 1086 2798 Boccaccii
1105 2764 1352 2811 Genealogiam
1368 2763 1439 2798 Th.
1456 2764 1706 2811 Campanella
1721 2765 1894 2812 perbene

87 2814 191 2847 novit
209 2814 414 2862 hausitque
434 2827 482 2849 ex
499 2827 546 2849 ea
564 2816 685 2850 multa
703 2816 753 2850 de
772 2824 853 2850 arte
873 2817 1035 2863 poetica:
1055 2817 1102 2851 cf.
1121 2817 1269 2864 Angela
1287 2817 1499 2858 Minicucci‚
1520 2817 1558 2851 “1
1578 2817 1663 2851 libri
1682 2817 1768 2851 XIV
1786 2830 1808 2852 e
1827 2818 1895 2852 XV

86 2866 187 2900 della
203 2866 416 2914 Genealogia
433 2867 574 2901 deorum
588 2868 774 2915 gentilium
792 2881 814 2902 e
830 2869 879 2916 gli
896 2870 1013 2903 scritti
1030 2870 1068 2903 di
1086 2870 1238 2916 poetica
1253 2870 1292 2903 di
1308 2870 1350 2903 T.
1368 2869 1640 2916 Campanella”
1657 2870 1697 2904 in
1713 2870 1894 2904 Boccaccio

87 2920 126 2954 in
145 2920 293 2968 Europe,
313 2921 375 2955 ed.
396 2921 443 2955 G.
463 2921 658 2969 Tournoy.
679 2922 934 2970 Proceedings
954 2923 1000 2958 of
1016 2924 1081 2958 the
1102 2924 1307 2958 Boccaccio
1327 2923 1583 2964 Conference,
1605 2923 1774 2958 Louvain
1798 2924 1893 2959 1975

85 2973 269 3016 (Leuvem
287 2973 396 3008 Univ.
415 2974 535 3015 Press,
557 2973 681 3019 1977).

166 3025 181 3047 ⁵
197 3030 408 3066 Tommaso
426 3032 687 3080 Campanella,
706 3033 903 3068 “Poetica“
922 3034 962 3068 in
979 3034 1044 3076 SL,
1062 3034 1225 3069 409-11.
