2106 3458
225 213 313 253 814
822 220 1149 265 ANTIQUITAS
1173 221 1442 254 SUPERATA

225 379 328 420 liani
349 379 540 435 quadrat
559 380 775 420 Carrarae
794 379 1002 419 carminis
1021 380 1387 429 conformationi,
1407 380 1488 420 sed
1506 381 1642 421 etiam
1661 380 1845 436 singula:
1866 381 2040 422 Eodem

226 446 413 486 nomine
435 459 529 500 quo
551 446 741 486 Carrara
761 445 895 486 Mickl
917 459 1016 500 e.g.,
1039 445 1238 486 hostium
1260 446 1471 486 Columbi
1494 446 1659 487 ducem
1679 447 2040 502 Androphagum

226 519 470 566 nuncupat;
489 525 660 551 canoae
679 511 895 551 Caribum
913 511 1080 551 eodem
1099 512 1194 551 fere
1213 511 1354 551 modo
1373 511 1688 552 describuntur
1704 526 1731 552 a
1746 512 1929 553 Micklio
1946 527 1998 553 ac
2015 527 2042 553 a

226 578 428 626 Carrara;
446 578 824 632 Superstitionem
843 578 1085 618 auctricem
1105 578 1243 618 refert
1258 577 1361 618 belli
1381 586 1539 618 contra
1556 578 1834 619 Columbum
1851 579 2038 620 ineundi

225 644 359 685 Mickl
379 653 431 685 ut
449 644 640 685 Carrara
659 644 699 684 8c
718 652 802 684 etc.

292 712 361 753 Ne
383 720 537 753 autern
558 711 735 767 longius
757 725 784 752 a
803 712 1041 767 proposito
1063 711 1302 767 digrediar,
1323 712 1413 753 iam
1435 726 1617 753 necesse
1638 720 1707 753 est
1726 721 2041 754 convertamur

226 780 283 821 ad
336 780 579 821 Columbum
631 779 837 820 Ubertini
890 780 1119 820 Carrarae.
1172 780 1382 830 Carmen,
1435 781 1560 821 cuius
1611 789 1768 821 auctor
1819 782 2042 822 sententia

226 840 458 889 Hoeferi¹⁵
485 855 726 888 renovator
752 861 946 903 poeseos
971 848 1153 888 Latinae
1178 847 1357 888 saeculo
1381 849 1600 888 XVIIImo
1627 849 1850 889 nominari
1876 857 2039 904 potest,

226 917 273 957 in
296 915 444 956 lucem
468 915 638 971 prodiit
662 916 860 970 primum
883 929 1004 956 anno
1032 913 1143 956 1715
1168 915 1359 967 (Romae
1382 915 1504 971 apud
1527 916 1776 957 Rocchium
1800 916 2040 969 Barnabo),

226 983 392 1023 iterum
424 995 545 1022 anno
582 980 708 1030 1725,
743 982 926 1022 tertium
958 990 1110 1022 autem
1142 995 1263 1022 anno
1301 980 1412 1022 1730
1442 983 1671 1037 Augustae
1702 982 2042 1023 Vindelicomm

227 1063 437 1090 recusum
461 1057 541 1090 est.
569 1049 636 1089 De
662 1063 719 1089 eo
745 1057 937 1104 egerunt
961 1048 1049 1089 hoc
1074 1048 1252 1089 saeculo
1277 1049 1423 1089 Mario
1448 1049 1584 1104 Segre
1609 1048 1895 1104 geographus
1919 1063 2041 1091 anno

231 1109 398 1165 1925,¹⁶
433 1117 559 1157 cuius
594 1116 757 1156 librum
792 1130 913 1156 anno
948 1116 1201 1171 insequenti
1238 1117 1282 1156 P.
1318 1117 1472 1156 Petrus
1505 1116 1667 1157 Tacchi
1701 1117 1889 1157 Venturi
1923 1107 2041 1172 S.J.¹⁷

228 1183 465 1231 recensuit,
487 1190 535 1223 et
556 1183 766 1237 proximo
788 1182 951 1222 abhinc
973 1196 1093 1222 anno
1116 1182 1375 1237 (postquam
1396 1183 1486 1223 iam
1508 1183 1764 1223 annuntiavi
1787 1182 1902 1223 hanc
1924 1196 2044 1223 com-

228 1248 576 1298 mentationem)
599 1249 767 1288 Marius
791 1248 971 1287 Martini
996 1241 1232 1287 Soranus¹⁸
1256 1249 1358 1287 civis
1383 1249 1551 1302 patriae
1576 1256 1754 1302 poetae,
1778 1249 1854 1302 qui
1879 1248 2043 1288 adiecit

226 1314 601 1354 commentationi
629 1327 735 1354 suae
762 1322 934 1354 textum
960 1313 1082 1366 (satis
1108 1313 1399 1366 mendosum)
1424 1313 1521 1354 libri
1549 1315 1680 1369 primi
1707 1327 1811 1354 cum
1835 1315 2042 1355 versione

227 1381 376 1422 Italica
392 1381 600 1437 Gregorii
619 1380 730 1422 Redi
749 1380 944 1437 aequalis
962 1381 1191 1430 Carrarae,
1210 1395 1390 1422 necnon
1405 1381 1604 1422 carmina
1620 1381 1703 1422 tn'a
1719 1381 1908 1431 minora,
1925 1395 2042 1438 quae

226 1463 318 1489 una
336 1462 441 1489 cum
463 1449 659 1489 Columbo
678 1462 732 1489 ea
751 1457 855 1489 sunt
874 1457 1038 1504 poetae
1060 1450 1213 1498 nostri,
1235 1462 1351 1504 quae
1371 1448 1429 1489 ad
1449 1462 1531 1489 nos
1551 1457 1854 1504 pervenerunt
1872 1449 2043 1490 amissis

227 1516 334 1566 aliis,
355 1517 403 1558 in
421 1516 584 1572 quibus
604 1524 650 1557 et
669 1517 868 1557 carmina
884 1516 1120 1557 vernacula
1139 1516 1290 1572 lingua
1308 1517 1471 1572 scripta
1490 1517 1684 1557 fuerunt.
1706 1517 1842 1572 Segre
1862 1516 2045 1572 diligen-

228 1592 296 1625 ter
317 1585 467 1625 fontes
487 1592 534 1624 et
554 1583 791 1624 historicos
812 1592 859 1624 et
878 1583 1115 1624 litterarios
1137 1584 1287 1638 operis
1308 1584 1512 1638 exquirit,
1535 1583 1741 1638 exempla
1761 1584 1894 1624 affert
1914 1598 2045 1639 quae—

226 1651 332 1691 dam
348 1650 583 1691 selectiora
598 1650 706 1705 styli;
725 1658 945 1690 monstrat
960 1651 1194 1690 Carraram
1210 1650 1398 1690 consilio
1414 1650 1600 1705 quidem
1615 1651 1766 1705 operis
1780 1650 2041 1705 Vergilium,

227 1717 455 1758 coloribus
477 1726 630 1758 autem
654 1718 847 1758 maxime
870 1725 1048 1772 praeter
1070 1717 1284 1757 Ovidium
1308 1717 1537 1757 Lucanum
1559 1725 1605 1757 et
1625 1717 1814 1757 Statium
1836 1725 2041 1757 secutum

227 1777 380 1826 esse.¹⁹
404 1785 470 1825 De
493 1785 581 1825 vita
603 1784 814 1825 Columbi
839 1785 941 1839 agit,
965 1784 1203 1839 quomodo
1226 1798 1327 1825 eam
1351 1785 1600 1825 tractaverit
1621 1785 1822 1833 Carrara,
1845 1784 2043 1839 disputat

227 1852 285 1892 de
316 1853 527 1907 imagine,
558 1866 648 1907 qua
677 1851 749 1892 ille
781 1851 976 1907 populos
1005 1852 1240 1892 Americae
1272 1852 1682 1906 repraesentaverit,
1713 1852 1901 1906 quaerit,
1932 1851 2043 1906 quid

228 1927 365 1973 poeta
383 1919 442 1958 de
461 1918 614 1958 insulis
634 1919 898 1966 Fortunatis,
919 1918 977 1958 de
995 1918 1236 1966 Atlantide,
1256 1918 1314 1958 de
1333 1918 1462 1958 Ulixe
1482 1918 1745 1972 prodiderit.
1766 1919 1901 1957 Hunc
1919 1919 2042 1958 enim

227 1984 468 2039 indigenae
488 1984 602 2025 libro
623 1993 749 2025 sexto
769 1984 827 2025 ad
845 1998 974 2025 oram
993 1984 1162 2025 insulae
1182 1984 1405 2039 appulisse
1425 1983 1666 2039 perhibent
1683 1997 1876 2039 eamque
1895 1984 2041 2039 patrio

229 2052 416 2092 nomine
436 2051 633 2092 Ithacam
654 2051 914 2106 appellasse;
935 2051 1186 2091 Columbus
1206 2065 1307 2091 eam
1328 2059 1501 2091 mutato
1523 2051 1709 2091 nomine
1730 2050 2042 2106 Hispaniolam

229 2119 514 2174 nuncupavit.
531 2119 650 2159 Huic
664 2119 1038 2159 commentationi
1055 2127 1207 2159 autem
1221 2119 1309 2159 vita
1322 2119 1537 2159 Carrarae
1553 2118 1796 2174 praemissa
1809 2126 1889 2167 est,
1905 2131 2042 2174 quam

226 2186 414 2226 Venturi
452 2200 509 2226 ex
545 2185 764 2226 tabulario
800 2186 1032 2226 Societatis
1059 2186 1167 2240 Jesu
1204 2186 1412 2226 Romano
1448 2186 1654 2226 correxit.
1691 2186 1871 2226 Martini
1907 2186 2041 2226 vitam

228 2253 423 2292 auctoris
438 2252 593 2292 denuo
611 2253 751 2292 fusius
767 2253 955 2307 exponit
970 2252 1319 2307 paraphrasique
1335 2252 1483 2292 Italica
1498 2265 1721 2292 summam
1738 2252 1875 2292 totius
1890 2252 2042 2306 operis

229 2327 438 2359 retractat
450 2318 613 2359 additis
627 2318 907 2373 singulorum
922 2318 1139 2359 librorum
1154 2319 1428 2373 argumentis
1441 2318 1497 2358 ab
1510 2319 1610 2373 ipso
1625 2326 1809 2358 auctore
1823 2318 2045 2372 conscrip-

229 2386 296 2436 tis,
318 2400 434 2442 quae
455 2400 511 2427 ex
530 2386 666 2427 unico
689 2386 994 2442 manuscn'pto
1015 2386 1186 2442 primus
1206 2385 1312 2427 edit.

295 2454 446 2495 Rebus
469 2455 530 2495 sic
553 2454 770 2495 stantibus
793 2453 901 2495 utile
926 2468 1020 2495 non
1042 2454 1189 2510 putavi
1215 2454 1313 2494 fore
1336 2455 1562 2509 integrum
1585 2467 1700 2509 opus
1723 2453 1878 2494 denuo
1902 2453 2041 2494 fusius

311 2652 340 2675 ¹⁵
358 2659 417 2693 Cf.
434 2659 605 2694 Nou-velle
620 2658 833 2706 Biograpkie
845 2658 1014 2706 generale,
1033 2659 1095 2693 ed.
1114 2658 1308 2700 Michaud,
1327 2659 1445 2706 (repr.
1467 2658 1591 2702 1964),
1610 2657 1696 2699 8-9,
1715 2657 1789 2692 815
1807 2669 1863 2705 sq.

311 2713 341 2735 ¹⁶
368 2718 494 2752 Man'o
522 2718 651 2766 Segre,
684 2718 741 2752 Un
765 2722 891 2765 poema
921 2717 1150 2752 Colombiano
1177 2717 1234 2751 del
1259 2717 1447 2759 Seaecento,
1477 2717 1511 2751 Il
1541 2716 1785 2751 “Columbus''
1808 2716 1848 2751 di
1877 2715 2041 2751 Ubertino

229 2773 382 2808 Carrara
401 2773 552 2818 (Romm
571 2773 752 2808 Instituto
770 2772 987 2807 Cristoforo
1005 2772 1210 2814 Colombo,
1233 2772 1356 2817 1925).

311 2825 340 2850 ¹⁷
356 2832 394 2867 P.
410 2832 549 2867 Tacchi
563 2832 727 2867 Venturi
743 2832 833 2880 S.J.,
847 2831 881 2867 Il
899 2831 1142 2867 “Columbus’'
1154 2831 1224 2866 dell
1230 2831 1239 2843 '
1249 2831 1384 2866 Arcade
1396 2831 1551 2866 Eudosso
1564 2830 1755 2873 Pauntino,
1772 2829 1921 2865 Estratto
1936 2829 1984 2865 da
1996 2829 2044 2865 L'

226 2887 381 2923 Arcadia
399 2898 498 2922 anno
520 2887 619 2922 1926
635 2887 786 2932 (Roma,
809 2886 933 2932 1926).

311 2941 341 2964 ¹⁸
359 2947 484 2981 Mario
504 2946 671 2988 Martini,
694 2946 858 2980 Ubertino
877 2946 1037 2987 Carrara,
1063 2945 1120 2980 Un
1138 2945 1272 2980 Arcade
1293 2945 1478 2980 Umam'sta
1496 2972 1504 2979 .
1519 2972 1526 2979 .
1542 2972 1550 2979 .
1572 2945 1693 2989 (Soraz
1713 2944 1861 2979 centro
1879 2943 1918 2978 di
1938 2943 2040 2978 studi

228 3002 376 3043 Sorani,
398 3000 523 3046 1987).

311 3054 341 3075 ¹⁹
358 3060 418 3094 Cf.
437 3059 554 3107 Segre
572 3060 633 3103 (A.
656 3059 728 3103 16),
747 3071 811 3106 op.
830 3059 903 3100 cit„
925 3057 996 3093 147
1014 3070 1096 3106 sqq.
