2086 3464
233 753 595 838 Quaenam
627 753 821 837 apud
856 753 1180 814 Thomam
1215 752 1736 838 Campanellam

698 867 774 928 in
805 866 1269 952 Theologicis

470 985 568 1046 ad
593 985 916 1046 Plautum
948 985 1046 1046 ad
1079 983 1468 1046 Terentium

530 1110 597 1165 et
625 1103 722 1164 ad
759 1102 1121 1189 Vergilium
1153 1103 1444 1164 redeant

670 1327 925 1364 ANGELA
954 1327 1295 1363 MINICUCCI

154 1588 183 1614 n
213 1573 488 1629 amplissimo
519 1587 660 1628 opere
690 1573 766 1613 illo
797 1573 854 1613 de
889 1574 1119 1627 Theologia,
1150 1572 1276 1627 quod
1306 1586 1426 1613 anno
1461 1572 1593 1613 1613‘
1627 1572 1889 1612 inchoatum

153 1641 351 1681 Thomas
393 1640 682 1695 Campanella
722 1653 842 1680 anno
890 1640 1020 1681 1624⁰
1066 1640 1266 1694 perfecit,
1309 1640 1548 1679 sescenties
1589 1640 1890 1693 Augustinum

82 1708 271 1748 Calaber
287 1707 583 1763 philosophus
601 1715 778 1747 revocat
792 1707 1059 1762 saepiusque
1074 1706 1364 1747 Ambrosium
1380 1707 1710 1761 Hieronymum
1725 1706 1894 1746 Tertul-

83 1775 250 1816 lianu‘m
268 1775 558 1815 Lactantium.
577 1775 844 1814 Innumeros
862 1783 1094 1829 praeterea
1110 1774 1219 1814 alios
1235 1775 1474 1828 scriptores
1492 1774 1712 1814 memoria
1730 1774 1892 1828 repetit

82 1851 128 1882 et
144 1843 324 1882 Latinos
341 1850 387 1882 et
403 1842 601 1882 Graecos
617 1842 833 1895 cuiusque
851 1842 1018 1889 aetatis,
1036 1850 1082 1881 et
1097 1840 1284 1895 gentiles
1301 1849 1347 1880 et
1362 1840 1639 1888 christianos,
1657 1849 1703 1880 et
1718 1841 1893 1880 vetusti-

82 1923 184 1948 ores
220 1917 266 1948 et
301 1909 587 1948 recentiores.
625 1909 743 1947 Cum
779 1908 1074 1961 praelongum
1110 1908 1165 1946 sit
1199 1908 1353 1946 omnia
1387 1907 1444 1946 de
1480 1906 1691 1946 omnibus
1727 1907 1891 1946 Latinis

83 1974 373 2028 scriptoribus
410 1987 644 2013 recensere
680 1987 705 2013 a
738 1973 916 2013 Thoma
950 1974 997 2013 in
1035 1974 1280 2027 Theologicis
1317 1973 1590 2020 memoratis,
1627 1986 1682 2011 ea
1717 1980 1890 2011 tantum

83 2041 298 2095 attingam
327 2054 443 2095 quae
473 2040 530 2080 ad
559 2040 775 2088 Plautum,
806 2040 863 2080 ad
890 2040 1152 2080 Terentium
1181 2048 1227 2079 et
1255 2039 1312 2079 ad
1338 2039 1585 2094 Vergilium
1614 2040 1805 2078 attinent
1834 2052 1890 2078 ne

84 2108 225 2148 fusior
245 2108 324 2148 fiat
343 2107 595 2147 dissertatio
617 2107 739 2147 haec.

153 2175 391 2229 Theologica
418 2188 534 2229 quae
563 2175 735 2229 scripsit
761 2174 984 2214 Thomam
1013 2173 1348 2229 Campanellam
1376 2186 1595 2213 exornare
1623 2173 1731 2213 iuvit
1757 2181 1891 2227 atque

83 2241 312 2281 interdum
325 2241 622 2281 corroborare
636 2241 837 2295 quodam
851 2240 992 2280 modo
1006 2249 1052 2280 et
1063 2241 1334 2280 confirmare
1348 2240 1579 2279 sententiis
1593 2239 1892 2293 plurimorum

84 2308 353 2363 scriptorum
370 2308 644 2347 Latinorum.
661 2308 845 2362 Saepius
860 2308 982 2347 enim
998 2315 1234 2347 auctorum
1250 2307 1436 2346 nomina
1451 2305 1590 2345 multa
1603 2306 1800 2345 invenias
1815 2306 1890 2360 qui

85 2375 182 2430 plus
198 2375 345 2415 minus
360 2389 414 2415 ea
427 2375 670 2429 attigerunt
682 2374 750 2415 vel
762 2374 966 2415 Thomae
981 2375 1175 2429 attigisse
1189 2374 1396 2414 videntur
1410 2387 1525 2428 quae
1540 2374 1636 2428 ipse
1652 2372 1893 2427 perpendit

84 2451 218 2498 atque
239 2442 506 2483 considerat.

152 2510 293 2566 Quod
314 2518 405 2551 tam
428 2510 592 2551 multos
613 2510 851 2566 scriptores
872 2523 1124 2565 eorumque
1146 2509 1387 2550 sententias
1407 2509 1668 2549 continuata
1687 2516 1734 2549 et
1755 2508 1895 2548 nomi-

86 2592 195 2618 num
224 2587 270 2618 et
297 2591 448 2618 rerum
477 2579 591 2618 serie
619 2591 710 2618 una
737 2577 957 2632 simulque
986 2578 1161 2632 saepius
1191 2576 1376 2631 protulit
1403 2577 1579 2630 saepius
1609 2576 1766 2616 mirata
1793 2589 1892 2615 sum

85 2644 355 2684 dubitanter.
385 2645 532 2684 Fuerit
557 2645 622 2684 vir
647 2644 719 2684 ille
747 2645 871 2684 omni
901 2644 1207 2683 doctrinarum
1235 2643 1366 2697 copia
1392 2642 1590 2682 imbutus
1617 2650 1892 2696 ornatusque

84 2711 363 2764 vigueritque
390 2719 568 2764 praeter
593 2719 767 2749 ceteros
794 2711 906 2749 mira
931 2723 980 2749 ac
1008 2711 1101 2749 fere
1127 2709 1373 2749 incredibili
1403 2709 1649 2747 memoriae
1675 2708 1713 2746 vi
1742 2716 1894 2746 tamen

86 2775 235 2831 plures
255 2776 431 2831 saepius
451 2790 547 2816 esse
569 2784 662 2815 rata
681 2789 780 2816 sum
800 2776 1038 2830 scriptores
1058 2788 1309 2830 eorumque
1330 2774 1453 2814 locos
1473 2787 1608 2828 quam
1628 2782 1679 2813 ut
1695 2772 1893 2813 Thomas

86 2857 180 2883 uno
196 2843 454 2898 eodemque
471 2852 679 2898 tempore
695 2843 847 2883 animo
864 2842 1101 2897 complecti
1118 2842 1283 2882 valeret
1297 2842 1460 2881 cursim
1478 2841 1743 2895 raptimque.
1762 2840 1894 2895 Quae

85 2923 192 2950 vero
215 2924 284 2950 res
308 2911 469 2950 mentis
492 2909 748 2950 facultatem
770 2918 918 2965 atque,
940 2918 990 2949 ut
1010 2910 1071 2949 ita
1091 2909 1251 2957 dicam,
1275 2908 1521 2948 memoriae
1544 2907 1761 2947 terminos
1784 2906 1892 2946 mihi

86 2977 175 3017 visa
200 2985 268 3017 est
292 2976 511 3017 excedere
537 2985 671 3032 atque
696 2990 977 3031 exsuperare.
1005 2976 1084 3028 (Ut
1108 2977 1224 3017 inter
1249 2988 1408 3016 omnes
1434 2982 1620 3022 constat,
1647 2973 1894 3014 litterarum

88 3044 345 3084 testimonia
375 3058 458 3084 suo
488 3043 546 3084 de
578 3058 719 3092 more,
751 3052 887 3099 prout
918 3058 986 3083 res
1017 3057 1223 3098 quaeque
1254 3041 1518 3098 postulabat,
1549 3055 1575 3080 e
1606 3040 1812 3095 singulari
1845 3055 1894 3080 ac
