2106 3458
218 204 308 243 816
815 211 1143 254 ANTlQmTAs
1167 211 1435 243 SUPERATA

218 372 351 413 sacris
380 372 547 427 nuptiis
575 379 736 412 narrat.
766 370 900 412 Libro
928 372 1062 412 tertio
1089 371 1243 412 Aretia
1268 371 1496 412 Columbo
1523 372 1785 412 vaticinatur
1811 372 1962 413 futura
1987 373 2035 413 in

218 439 366 494 clipeo
390 438 583 494 depicta,
608 439 684 494 qui
709 438 878 494 clipeus
902 438 960 479 ad
982 438 1241 494 exemplum
1262 438 1502 494 Vergiliani
1528 438 1624 479 libn·
1649 440 1791 480 octavi
1816 453 2034 494 procusus

220 514 442 547 monstrat
479 506 778 560 imperatores
817 505 982 545 domus
1021 506 1279 546 Austriacae
1318 505 1417 546 orbi
1458 506 1666 546 universo
1706 506 2034 547 dominaturos.

218 573 433 627 Sequenti
468 572 583 612 libro
617 571 868 612 Columbus
903 579 1132 626 tamquam
1166 571 1276 612 alter
1309 572 1494 612 Perseus
1527 572 1686 626 aegide
1719 586 1825 612 usus
1858 572 2034 613 sodales

220 639 514 680 fascinatione
530 638 896 679 Theromantidis
913 637 1083 687 liberat,
1100 652 1216 693 quae
1234 639 1396 678 frustra
1410 639 1580 678 inferos
1596 639 1794 679 carmine
1810 652 2034 679 arcessere

219 715 422 747 conatur.
440 707 502 746 Ut
519 706 720 746 taedium
737 706 908 746 itineris
925 705 1057 754 fallat,
1076 705 1326 746 Columbus
1342 705 1456 746 libro
1473 707 1633 761 quinto
1651 705 1709 746 de
1727 720 1879 761 pugna
1895 706 2033 747 navali

219 773 342 829 apud
366 773 585 814 Malacam
610 772 794 813 Isabella
819 781 1034 827 regnante
1060 781 1218 813 contra
1241 773 1424 813 Mauros
1449 773 1689 813 commissa
1713 781 1874 813 narrat.
1900 773 2034 814 Libro

220 849 346 880 sexto
369 848 530 894 torpor
552 840 685 879 maris
707 840 837 879 sociis
860 840 1151 893 navigationis
1173 853 1305 879 causa
1325 847 1393 879 est
1414 839 1656 879 rebellandi
1679 847 1837 879 contra
1857 839 2039 880 Colum-

218 907 329 947 bum
360 914 546 946 auctore
576 905 738 946 Alvaro
769 905 984 960 quodam,
1015 906 1091 960 qui
1124 914 1381 960 praetorem
1412 906 1531 945 navis
1561 906 1817 946 interficere
1847 914 2035 946 conatus

221 973 406 1013 tandem
432 973 480 1013 in
506 986 630 1013 mare
657 972 887 1027 proicitur.
915 971 1004 1012 Sed
1030 971 1287 1012 Fernandus
1313 971 1629 1027 Christophori
1657 971 1787 1021 filius,
1814 985 1919 1012 cum
1945 986 2040 1027 par-

221 1039 369 1080 ricidis
400 1039 636 1088 obstiterit,
668 1039 715 1079 in
745 1052 881 1094 aquas
912 1039 1228 1094 praecipitatus
1259 1039 1475 1094 mergitur
1506 1047 1802 1094 mortuusque
1831 1038 2035 1079 habetur.

220 1108 387 1162 Spiritu
407 1107 571 1147 Sancto
593 1106 831 1147 adiuvante
852 1105 1037 1146 malacia
1056 1105 1237 1146 tollitur.
1257 1105 1446 1146 Atlantis
1466 1105 1539 1146 illa
1557 1105 1641 1146 sub
1661 1106 1771 1146 mari
1791 1106 1882 1146 visa
1900 1105 2038 1147 index

220 1182 289 1215 est
314 1182 459 1214 terrae
486 1174 784 1228 propinquae,
810 1187 926 1228 quae
952 1173 1100 1213 statim
1126 1181 1324 1228 apparet.
1352 1173 1492 1213 Cuius
1516 1172 1690 1213 incolae
1716 1172 2036 1227 Berecynthiae

222 1242 374 1281 matris
407 1249 564 1289 statua,
597 1254 734 1295 quam
766 1239 916 1280 Ulixes
949 1239 1168 1288 attulerat,
1202 1239 1404 1294 disrupta
1434 1239 1625 1279 advenas
1656 1247 1707 1279 ut
1738 1239 1851 1280 deos
1882 1239 2038 1280 colunt

219 1315 398 1348 vetante
429 1307 477 1348 id
508 1306 751 1356 Columbo,
783 1307 858 1362 qui
891 1320 971 1347 eos
1001 1320 1157 1347 verum
1189 1307 1336 1347 Deum
1367 1306 1455 1347 hoc
1486 1307 1690 1347 effecisse
1721 1306 1870 1347 docet.
1902 1306 2036 1347 Libro

221 1375 417 1430 septimo
450 1388 611 1415 scaena
643 1382 853 1415 mutatur.
888 1374 1006 1415 Cum
1039 1382 1280 1429 tempestas
1312 1373 1546 1415 Discordia
1576 1374 1814 1429 instigante
1846 1373 2036 1414 insulam

221 1442 399 1484 Cubam
435 1442 740 1491 devastaverit,
777 1441 1010 1482 oraculum
1046 1442 1251 1497 imperat,
1289 1450 1339 1482 ut
1372 1442 1523 1491 Auria,
1561 1442 1676 1497 regis
1710 1442 1908 1497 Arviragi
1947 1441 2038 1482 filia

222 1519 428 1551 monstro
460 1509 734 1550 immoletur.
768 1510 930 1550 Hostia
960 1524 986 1550 a
1016 1509 1244 1549 Columbo
1276 1509 1332 1549 ab
1362 1510 1515 1549 Aretia
1546 1509 1793 1563 praedocto
1825 1518 2035 1549 servatur.

221 1577 438 1616 Carrarae
463 1576 574 1616 haec
601 1577 789 1630 fingenti
816 1576 965 1615 Ovidii
993 1575 1142 1615 fabula
1166 1575 1224 1615 de
1250 1576 1413 1615 Perseo
1438 1584 1485 1615 et
1508 1575 1803 1615 Andromeda
1827 1575 2036 1629 exemplo

222 1643 319 1691 fuit,
354 1642 481 1697 quod
512 1643 657 1682 virum
690 1641 878 1682 doctum
911 1642 1090 1682 Martini
1126 1634 1291 1696 fugit.²¹
1327 1641 1458 1681 Liber
1490 1649 1670 1681 octavus
1702 1642 1796 1681 vice
1829 1641 2037 1681 carminis

221 1709 473 1750 didascalici
497 1718 577 1750 est:
601 1709 810 1750 Amicitia
830 1709 948 1749 inter
969 1709 1232 1763 Arviragum
1255 1717 1301 1748 et
1322 1707 1598 1749 Columbum
1622 1716 1750 1763 pacta
1771 1707 1969 1748 advenae
1992 1716 2038 1748 et

221 1777 462 1831 indigenae
484 1776 564 1816 sibi
586 1777 777 1816 invicem
798 1776 969 1816 divitias
990 1790 1089 1816 suas
1111 1784 1375 1824 monstrant,
1396 1776 1443 1815 in
1463 1775 1624 1830 quibus
1645 1774 1864 1823 animalia,
1886 1775 2037 1829 fruges

221 1856 390 1891 suaves,
416 1842 689 1882 bombardas
716 1855 896 1882 necnon
921 1842 1005 1882 alia
1031 1855 1145 1882 nova
1169 1843 1360 1881 inventa.
1388 1841 1637 1881 Columbus
1663 1842 1834 1881 futuras
1860 1842 2037 1895 nuptias

220 1910 387 1949 Auriae
407 1909 496 1948 sive
514 1909 750 1948 Americae
770 1922 874 1948 cum
892 1909 1104 1948 Americo
1123 1909 1270 1947 Tusco
1291 1907 1520 1962 praedicit.
1540 1908 1622 1947 His
1642 1908 1753 1947 irata
1769 1907 2036 1961 Superstitio

221 1975 325 2015 vitia
341 1975 577 2029 Europaea
594 1974 768 2015 mundo
786 1988 905 2014 novo
922 1974 1135 2022 immittit,
1152 1982 1202 2014 ut
1218 1973 1342 2014 litem
1358 1974 1475 2014 inter
1491 1973 1717 2028 Hispanos
1734 1973 1914 2013 efficiat.
1933 1973 2038 2027 Qua

222 2041 298 2082 lite
323 2041 495 2097 placata
518 2041 742 2091 Duellum,
769 2041 981 2082 Bellonae
1007 2040 1136 2090 filius,
1161 2040 1534 2096 Androphagum,
1561 2054 1714 2096 regern
1739 2039 2037 2081 Cannibalum

221 2110 387 2151 Auriae
417 2123 622 2165 procum,
651 2110 727 2165 qui
755 2117 806 2150 ut
832 2110 1082 2150 Mezentius
1108 2108 1289 2164 Vergilii
1318 2108 1443 2149 divos
1471 2108 1734 2158 contemnit,
1764 2107 1959 2157 adducit,
1988 2116 2039 2149 ut

222 2177 453 2218 aemulum
490 2192 622 2218 suum
660 2177 937 2218 Columbum
973 2191 1077 2218 cum
1114 2178 1244 2218 sociis
1282 2177 1479 2218 Cubanis
1516 2176 1743 2232 perditum
1780 2184 1865 2217 eat.
1903 2176 2037 2217 Libro

222 2245 404 2285 decimo
424 2246 514 2285 fata
531 2245 749 2285 Fernandi
770 2245 981 2285 Columbi
1003 2253 1250 2293 narrantur,
1270 2245 1344 2299 qui
1366 2258 1494 2284 more
1513 2245 1667 2284 Dantis
1684 2243 1898 2298 Aligherii
1916 2244 2036 2284 vivus

223 2327 249 2352 a
263 2313 434 2353 Nerina
451 2312 647 2367 nympha
663 2313 710 2352 in
726 2312 935 2352 conclave
951 2312 1123 2352 Aletiae
1141 2312 1223 2352 sub
1241 2312 1350 2352 mari
1369 2312 1503 2351 situm
1520 2311 1711 2359 ducitur,
1729 2310 1804 2351 ubi
1824 2310 1963 2351 multa
1978 2310 2036 2351 de

224 2394 376 2420 rerum
400 2388 559 2420 natura
579 2379 783 2420 docetur.
806 2379 1011 2420 Tandem
1033 2393 1234 2419 emersus
1256 2393 1282 2419 a
1301 2378 1539 2427 Vasilinda,
1561 2377 1855 2433 Androphagi
1879 2391 2036 2418 sorore

223 2447 468 2487 Iuthurnae
505 2461 747 2502 personam
783 2455 983 2502 gerente,
1020 2447 1255 2495 invenitur,
1293 2460 1408 2501 quae
1445 2459 1551 2486 eum
1588 2446 1709 2486 fratri
1747 2444 2039 2486 commendat

223 2515 411 2563 socium,
428 2515 534 2569 quia
549 2528 708 2554 necem
724 2515 860 2568 patris
875 2514 931 2554 ab
945 2513 1105 2554 Alvaro
1121 2514 1423 2568 Hispanisque
1438 2512 1586 2553 ulcisci
1601 2512 1716 2552 velit.
1734 2512 1907 2552 Bellum
1921 2513 2039 2552 inter

223 2580 506 2629 Cannibales,
527 2581 644 2620 filios
662 2581 832 2629 Noctis,
852 2589 898 2620 et
916 2580 1143 2628 Cubanos,
1164 2579 1281 2619 filios
1299 2579 1425 2627 Solis,
1445 2592 1698 2633 eorumque
1717 2579 1864 2618 socios
1883 2579 2040 2632 Hispa-

225 2661 308 2687 nos
335 2660 513 2686 summa
536 2647 575 2686 vi
605 2646 727 2701 apud
752 2647 964 2695 Avanam‚
993 2646 1149 2686 Cubae
1175 2653 1322 2700 caput,
1350 2646 1532 2700 geritur.
1560 2645 1730 2685 Occisis
1758 2644 1908 2684 multis
1934 2657 2041 2699 pug-

225 2713 448 2762 nantibus,
473 2714 521 2754 in
545 2713 707 2768 quibus
732 2721 861 2753 erant
882 2712 1109 2753 Vasilinda
1132 2726 1182 2752 ac
1206 2711 1569 2767 Androphagius,
1595 2711 1705 2752 alter
1727 2711 1919 2759 Turnus,
1945 2711 2040 2751 Fer—

225 2780 400 2821 nandus
419 2780 537 2821 filius
557 2789 731 2836 patrem
751 2779 1042 2829 Columbum,
1062 2794 1199 2835 quem
1219 2779 1329 2820 falso
1348 2779 1558 2820 Alvarum
1576 2793 1673 2819 esse
1693 2786 1833 2834 putat,
1852 2786 2037 2819 auctore

224 2848 385 2889 Duello
401 2848 673 2904 aggreditur.
690 2849 885 2903 Cognita
899 2862 946 2888 re
961 2848 1078 2888 inter
1092 2861 1139 2888 se
1154 2847 1460 2896 conciliantur,
1477 2855 1640 2902 poetae
1655 2847 1870 2887 Carrarae
1884 2854 2037 2886 autem

305 3045 334 3067 ²¹
354 3051 521 3093 Martini,
541 3063 604 3098 op.
624 3051 697 3092 cit„
716 3050 775 3086 52.
