2086 3464
191 190 280 230 442
767 197 872 229 UNE
896 187 1092 229 ETOFFE
1116 188 1358 230 BIGAREE.
1380 223 1389 230 .
1412 223 1421 230 .

259 357 398 397 nostri
419 357 638 411 temporis
656 364 890 396 oratorum
908 355 1117 410 exemplo
1135 370 1330 411 vagarer,
1350 370 1433 397 nec
1450 356 1646 411 aliquem
1663 370 1807 397 unum
1826 356 1934 398 mihi

258 423 529 464 imitandum
571 437 894 478 proponerem,
937 432 1014 463 aut
1054 424 1088 463 si
1131 431 1211 464 tuo
1253 424 1493 478 Batavique
1535 423 1727 464 rhetoris
1767 424 1936 465 iudicio

258 490 569 531 inexhaustam
584 491 817 530 Ciceronis
830 491 1009 544 copiam
1023 498 1157 544 atque
1170 490 1437 539 ubertatem,
1451 491 1512 530 ita
1525 499 1710 531 tenuem
1723 499 1940 531 contract-

258 570 423 610 amque
443 556 694 604 arbitrarer‚
714 564 765 596 ut
783 556 917 596 latine
936 556 1059 610 loqui
1079 557 1276 610 cupienti
1298 570 1392 596 non
1409 557 1565 596 omnia
1582 556 1763 596 abunda
1780 570 1940 611 suppe-

258 622 402 662 ditare
418 635 551 676 posse
567 621 841 670 diffiderem,
859 622 948 661 risu
964 635 1037 661 me
1052 622 1148 661 iure
1165 621 1491 676 proscinderes,
1507 621 1563 661 ab
1578 622 1630 662 iis
1646 635 1740 662 non
1755 622 1940 662 dissimi-

259 689 361 738 lem,
390 689 466 743 qui
494 702 552 728 eo
579 689 796 728 orationis
823 702 990 743 genere
1017 696 1217 737 utuntur,
1245 702 1361 743 quae
1387 702 1444 728 ex
1466 688 1709 728 verborum
1735 688 1937 743 undique

259 756 579 796 accersitorum
604 763 1039 810 corrogatorumque
1065 756 1291 810 congerie,
1316 763 1362 796 et
1384 756 1609 796 immenso
1634 754 1936 805 historiarum,

259 823 588 878 exemplorum,
601 822 967 878 adagionumque
981 822 1177 871 cumulo,
1189 822 1309 863 velut
1320 830 1454 863 cento
1466 822 1771 878 undequaque
1783 837 1941 863 consu-

260 900 343 939 tus,
366 898 555 930 constet:
579 903 787 944 quaeque
810 889 976 929 nullam
999 903 1146 944 neque
1169 889 1449 944 elegantiam,
1474 903 1621 944 neque
1642 898 1936 938 venustatem,

261 971 409 1012 neque
434 957 695 1012 gravitatem
722 970 828 1012 prae
854 970 901 996 se
927 957 1052 1005 ferat,
1080 957 1364 1011 formamque
1388 956 1667 996 inconditam
1692 955 1867 1006 habeat,
1893 965 1940 997 et

261 1025 447 1065 minime
472 1023 767 1080 aequabilem:
793 1024 945 1079 sicque
968 1023 1111 1064 verbis
1136 1023 1330 1064 distenta
1352 1024 1408 1064 sit
1430 1031 1476 1064 et
1498 1023 1761 1072 exuberans,
1787 1037 1939 1064 rerum

261 1092 466 1148 pondere
487 1092 630 1132 inanis
651 1091 814 1144 (Oratio
834 1091 1066 1143 11:35-36).

191 1194 423 1234 Abscence
443 1193 501 1233 de
522 1192 682 1233 critere
703 1192 761 1232 de
781 1192 997 1233 selection
1016 1192 1124 1232 chez
1144 1191 1257 1232 celui
1278 1193 1352 1246 qui
1374 1191 1566 1232 cherche
1586 1205 1649 1232 un
1669 1191 1863 1240 modele,
1886 1192 2006 1232 refus

193 1260 250 1300 de
280 1262 563 1300 reconnaitre
592 1259 632 1299 la
659 1258 927 1313 superiorite
955 1258 1017 1298 du
1045 1258 1151 1298 latin
1179 1258 1464 1312 “classique,''
1495 1272 1690 1312 manque
1717 1258 1775 1298 de
1804 1259 2006 1312 principe

193 1326 503 1380 organisateur
520 1325 629 1365 chez
647 1324 760 1364 celui
779 1325 854 1379 qui
874 1324 1066 1364 cherche
1084 1324 1109 1364 a
1126 1325 1355 1378 pratiquer
1372 1323 1720 1378 l'eloquence—il
1739 1323 1809 1378 n’y
1825 1337 1852 1363 a
1867 1323 2006 1378 guere

193 1393 250 1433 de
274 1393 430 1447 pointe
452 1392 562 1432 dans
584 1400 701 1432 cette
724 1391 865 1431 tirade
887 1392 962 1446 qui
986 1405 1042 1431 ne
1062 1392 1152 1431 vise
1174 1405 1251 1445 pas
1272 1405 1335 1430 un
1355 1398 1507 1445 aspect
1527 1390 1773 1445 specifique
1794 1390 1853 1430 de
1873 1389 2006 1430 l'idee

193 1460 251 1500 de
277 1459 544 1508 l'imitation,
571 1458 629 1499 de
655 1458 695 1498 la
721 1458 888 1513 pensee
914 1472 988 1498 sur
1014 1458 1054 1498 la
1078 1457 1279 1498 creation
1303 1457 1519 1512 originale
1545 1465 1590 1497 et
1614 1457 1672 1497 de
1698 1457 1738 1497 la
1763 1458 1924 1497 notion
1949 1456 2007 1497 de

194 1526 442 1566 l'auctoritas
466 1525 590 1565 telles
613 1524 871 1580 qu’Erasme
895 1524 956 1564 les
979 1524 1230 1579 developpe
1253 1524 1363 1564 dans
1386 1523 1426 1563 le
1451 1524 1756 1564 Ciceronianus.
1782 1523 1814 1563 Il
1837 1522 2006 1563 semble

193 1606 314 1632 assez
334 1592 439 1632 clair
459 1606 547 1646 que
569 1591 715 1639 Dolet,
737 1591 847 1631 dans
868 1599 939 1630 cet
958 1591 1128 1639 extrait,
1151 1604 1290 1644 pense
1310 1590 1336 1630 a
1354 1604 1417 1630 un
1437 1603 1620 1644 passage
1641 1603 1821 1629 comme
1842 1589 1882 1629 le
1902 1590 2010 1629 suiv-

194 1667 283 1708 ant,
305 1658 367 1698 οὺ
389 1657 864 1712 ErasmelBulephore
886 1657 1057 1712 precise
1078 1657 1118 1697 le
1138 1671 1277 1712 genre
1298 1656 1568 1696 d’imitation
1588 1655 1695 1711 qu'il
1716 1648 1960 1696 favorisez¹⁰

261 1759 526 1816 Amplector
543 1760 858 1809 imitationem,
878 1758 958 1800 sed
975 1772 1091 1815 quae
1110 1758 1289 1799 adiuvet
1307 1766 1524 1808 naturam,
1545 1771 1639 1798 non
1655 1757 1803 1807 violet;
1823 1771 1939 1813 quae

263 1829 458 1884 corrigat
480 1828 594 1868 illius
617 1828 762 1877 dotes,
788 1842 882 1868 non
905 1827 1079 1876 obruat;
1105 1827 1251 1882 probo
1275 1827 1589 1875 imitationem,
1613 1826 1694 1866 sed
1716 1825 1774 1866 ad
1796 1839 1942 1866 exem-

264 1896 388 1951 plum
413 1897 598 1950 ingenio
624 1904 703 1935 tuo
728 1909 996 1950 congruens,
1022 1903 1098 1934 aut
1121 1903 1242 1934 certe
1268 1908 1362 1934 non
1386 1907 1653 1948 repugnans,
1680 1907 1736 1933 ne
1759 1893 1938 1933 videare

263 1977 367 2003 cum
405 1962 658 2018 gigantibus
696 1963 962 2014 θεομαχεῖν.
1002 1962 1168 2002 Rursus
1206 1962 1505 2001 imitationem
1544 1960 1690 2015 probo
1729 1974 1824 2000 non
1861 1960 1938 2000 uni

263 2030 489 2069 addictam
506 2030 796 2084 praescripto,
813 2043 839 2068 a
853 2029 978 2068 cuius
994 2028 1119 2068 lineis
1137 2042 1230 2067 non
1245 2028 1359 2067 ausit
1373 2027 1619 2075 discedere,
1635 2027 1716 2066 sed
1730 2040 1786 2066 ex
1800 2027 1942 2066 omni-

262 2096 346 2136 bus
367 2096 613 2145 autoribus,
635 2104 711 2135 aut
732 2104 852 2135 certe
874 2095 1273 2150 praestantissimis,
1296 2094 1421 2149 quod
1441 2095 1488 2134 in
1508 2107 1692 2149 quoque
1714 2092 1941 2148 praecellit

265 2163 458 2203 maxime
482 2171 654 2216 tuoque
677 2163 886 2216 congruit
907 2162 1091 2216 ingenio
1114 2161 1436 2215 decerpentem
1461 2193 1470 2200 .
1487 2193 1495 2200 .
1513 2193 1522 2200 .
1546 2168 1596 2200 ut
1617 2161 1692 2214 qui
1716 2159 1823 2214 legit
1845 2173 1940 2199 non

264 2237 478 2282 agnoscat
491 2228 717 2268 emblema
730 2228 939 2267 Ciceroni
956 2227 1220 2275 detractum,
1236 2226 1316 2266 sed
1330 2227 1506 2266 foetum
1520 2240 1547 2265 a
1559 2234 1639 2265 tuo
1655 2233 1810 2265 natum
1824 2238 1943 2264 cere-

263 2294 362 2343 bro,
383 2293 774 2349 quemadmodum
796 2293 1018 2333 Palladem
1039 2293 1164 2332 aiunt
1182 2306 1208 2332 a
1227 2292 1414 2332 cerebro
1436 2292 1562 2340 Iovis,
1582 2291 1723 2331 vivam
1744 2290 1940 2346 parentis

264 2362 509 2417 imaginem
536 2362 823 2410 referentem,
852 2374 934 2401 nec
959 2360 1105 2401 oratio
1132 2367 1208 2400 tua
1232 2367 1366 2400 cento
1392 2359 1613 2414 quispiam
1637 2357 1840 2399 videatur
1864 2365 1942 2398 aut

265 2444 381 2486 opus
408 2430 670 2479 mosaicum,
696 2428 777 2470 sed
801 2429 972 2485 spirans
996 2429 1146 2484 imago
1173 2428 1235 2469 tui
1262 2427 1469 2484 pectoris,
1495 2435 1572 2468 aut
1595 2426 1738 2468 amnis
1763 2439 1790 2467 a
1812 2426 1940 2467 fonte

265 2498 414 2539 cordis
436 2498 498 2539 tui
521 2511 807 2553 promanans.

198 2601 317 2641 Dans
334 2614 425 2640 une
443 2599 685 2640 semblable
703 2599 992 2654 perspective‚
1011 2599 1103 2638 afin
1119 2598 1177 2638 de
1195 2597 1334 2638 fletrir
1352 2611 1446 2637 non
1462 2596 1713 2637 seulement
1728 2595 1768 2636 le
1785 2595 2008 2636 caractere

197 2668 254 2708 de
282 2667 474 2707 Pinache
502 2667 611 2707 mais
637 2667 751 2706 aussi
779 2680 863 2706 son
888 2665 1232 2720 incompetence
1259 2664 1534 2718 rhetorique,
1561 2663 1695 2703 Dolet
1718 2670 1959 2718 emprunte
1985 2661 2011 2702 a

198 2733 394 2774 Ciceron
414 2747 499 2773 son
519 2734 709 2787 portrait
728 2732 838 2772 d’un
858 2733 980 2772 Marc
1000 2732 1197 2771 Antoine
1219 2730 1451 2770 debauche
1472 2739 1518 2770 et
1537 2729 1799 2784 degositant:

267 2834 339 2874 Illa
354 2834 413 2874 sic
430 2833 653 2873 obscoene
670 2842 715 2873 et
731 2833 914 2887 turpiter
931 2833 1051 2880 facta,
1070 2831 1277 2871 obscoeni
1296 2831 1519 2885 turpisque
1536 2830 1726 2870 hominis
1744 2829 1939 2869 furorem

281 3028 310 3050 ¹⁰
328 3033 495 3074 Erasme,
515 3032 768 3066 Ciceronianus
786 3030 864 3075 (ed.
883 3031 1106 3074 Gambaro):
1126 3030 1245 3077 lignes
1263 3029 1451 3064 4206-24.
