<?xml version="1.0" encoding="UTF-8"?>
<!DOCTYPE html PUBLIC "-//W3C//DTD XHTML 1.0 Transitional//EN"
    "http://www.w3.org/TR/xhtml1/DTD/xhtml1-transitional.dtd">
<html xmlns="http://www.w3.org/1999/xhtml" xml:lang="en" lang="en">
 <head>
  <title>
</title>
<meta http-equiv="Content-Type" content="text/html;charset=utf-8" />
  <meta name='ocr-system' content='tesseract 3.04.00' />
  <meta name='ocr-capabilities' content='ocr_page ocr_carea ocr_par ocr_line ocrx_word'/>
</head>
<body>
  <div class='ocr_page' id='page_1' title='image "./toronactaconvent00inteuoft_0574.png"; bbox 0 0 2106 3458; ppageno 0'>
   <div class='ocr_carea' id='block_1_1' title="bbox 199 208 1804 259">
    <p class='ocr_par' dir='ltr' id='par_1_1' title="bbox 199 208 1804 259">
     <span class='ocr_line' id='line_1_1' title="bbox 199 208 1804 259; baseline 0 -11"><span class='ocrx_word' id='word_1_1' title='bbox 199 208 288 248; x_wconf 85' lang='lat'>550</span> <span class='ocrx_word' id='word_1_2' title='bbox 400 215 541 248; x_wconf 82' lang='lat' dir='ltr'>1Nms</span> <span class='ocrx_word' id='word_1_3' title='bbox 565 215 892 248; x_wconf 84' lang='lat' dir='ltr'>AMERICANIS</span> <span class='ocrx_word' id='word_1_4' title='bbox 917 215 1060 259; x_wconf 84' lang='lat' dir='ltr'><strong>QUAE</strong></span> <span class='ocrx_word' id='word_1_5' title='bbox 1085 215 1197 248; x_wconf 88' lang='lat' dir='ltr'>CUM</span> <span class='ocrx_word' id='word_1_6' title='bbox 1221 215 1506 248; x_wconf 77' lang='lat' dir='ltr'>VETERmth</span> <span class='ocrx_word' id='word_1_7' title='bbox 1531 216 1804 248; x_wconf 80' lang='lat' dir='ltr'>HELVETns</span> 
     </span>
    </p>
   </div>
   <div class='ocr_carea' id='block_1_2' title="bbox 199 376 2020 2571">
    <p class='ocr_par' dir='ltr' id='par_1_2' title="bbox 199 376 2015 1367">
     <span class='ocr_line' id='line_1_2' title="bbox 265 376 2007 431; baseline 0.001 -16"><span class='ocrx_word' id='word_1_8' title='bbox 265 377 521 416; x_wconf 89' lang='lat' dir='ltr'>Americam</span> <span class='ocrx_word' id='word_1_9' title='bbox 551 377 687 431; x_wconf 88' lang='lat' dir='ltr'>igitur</span> <span class='ocrx_word' id='word_1_10' title='bbox 717 389 884 415; x_wconf 92' lang='lat' dir='ltr'>novum</span> <span class='ocrx_word' id='word_1_11' title='bbox 914 376 1088 425; x_wconf 90' lang='lat' dir='ltr'>orbem,</span> <span class='ocrx_word' id='word_1_12' title='bbox 1119 390 1211 430; x_wconf 93' lang='lat' dir='ltr'>quo</span> <span class='ocrx_word' id='word_1_13' title='bbox 1243 376 1351 416; x_wconf 92' lang='lat' dir='ltr'>nihil</span> <span class='ocrx_word' id='word_1_14' title='bbox 1380 390 1597 431; x_wconf 87' lang='lat' dir='ltr'>umquam</span> <span class='ocrx_word' id='word_1_15' title='bbox 1627 377 1881 431; x_wconf 89' lang='lat' dir='ltr'>accepimus</span> <span class='ocrx_word' id='word_1_16' title='bbox 1911 390 2007 416; x_wconf 90' lang='lat' dir='ltr'>esse</span> 
     </span>
     <span class='ocr_line' id='line_1_3' title="bbox 201 442 2009 498; baseline 0 -15"><span class='ocrx_word' id='word_1_17' title='bbox 201 444 342 483; x_wconf 91' lang='lat' dir='ltr'>maius</span> <span class='ocrx_word' id='word_1_18' title='bbox 376 443 622 492; x_wconf 90' lang='lat' dir='ltr'>inventum,</span> <span class='ocrx_word' id='word_1_19' title='bbox 658 443 858 498; x_wconf 91' lang='lat' dir='ltr'>quinque</span> <span class='ocrx_word' id='word_1_20' title='bbox 892 442 1076 482; x_wconf 91' lang='lat' dir='ltr'>saeculis</span> <span class='ocrx_word' id='word_1_21' title='bbox 1110 450 1214 483; x_wconf 92' lang='lat' dir='ltr'>ante</span> <span class='ocrx_word' id='word_1_22' title='bbox 1247 456 1274 483; x_wconf 93' lang='lat' dir='ltr'>a</span> <span class='ocrx_word' id='word_1_23' title='bbox 1305 442 1637 498; x_wconf 90' lang='lat' dir='ltr'>Christophoro</span> <span class='ocrx_word' id='word_1_24' title='bbox 1671 442 1747 483; x_wconf 93' lang='lat' dir='ltr'>illo</span> <span class='ocrx_word' id='word_1_25' title='bbox 1781 443 2009 483; x_wconf 93' lang='lat' dir='ltr'>Columbo</span> 
     </span>
     <span class='ocr_line' id='line_1_4' title="bbox 199 509 2011 565; baseline 0 -15"><span class='ocrx_word' id='word_1_26' title='bbox 199 510 425 551; x_wconf 88' lang='lat' dir='ltr'>detectam</span> <span class='ocrx_word' id='word_1_27' title='bbox 451 509 751 565; x_wconf 86' lang='lat' dir='ltr'>quadriennio</span> <span class='ocrx_word' id='word_1_28' title='bbox 778 517 881 565; x_wconf 92' lang='lat' dir='ltr'>post</span> <span class='ocrx_word' id='word_1_29' title='bbox 905 517 1052 550; x_wconf 91' lang='lat' dir='ltr'>totum</span> <span class='ocrx_word' id='word_1_30' title='bbox 1079 510 1173 550; x_wconf 89' lang='lat' dir='ltr'>fere</span> <span class='ocrx_word' id='word_1_31' title='bbox 1199 523 1280 565; x_wconf 91' lang='lat' dir='ltr'>per</span> <span class='ocrx_word' id='word_1_32' title='bbox 1304 509 1463 550; x_wconf 93' lang='lat' dir='ltr'>orbem</span> <span class='ocrx_word' id='word_1_33' title='bbox 1490 518 1710 550; x_wconf 91' lang='lat' dir='ltr'>terrarum</span> <span class='ocrx_word' id='word_1_34' title='bbox 1734 509 2011 551; x_wconf 88' lang='lat' dir='ltr'>sollemniter</span> 
     </span>
     <span class='ocr_line' id='line_1_5' title="bbox 199 576 2011 632; baseline 0.001 -15"><span class='ocrx_word' id='word_1_35' title='bbox 199 577 475 618; x_wconf 91' lang='lat' dir='ltr'>celebratum</span> <span class='ocrx_word' id='word_1_36' title='bbox 497 578 549 617; x_wconf 92' lang='lat' dir='ltr'>iri</span> <span class='ocrx_word' id='word_1_37' title='bbox 574 585 620 617; x_wconf 91' lang='lat' dir='ltr'>et</span> <span class='ocrx_word' id='word_1_38' title='bbox 642 576 735 617; x_wconf 92' lang='lat' dir='ltr'>aliis</span> <span class='ocrx_word' id='word_1_39' title='bbox 757 577 926 632; x_wconf 90' lang='lat' dir='ltr'>ubique</span> <span class='ocrx_word' id='word_1_40' title='bbox 949 576 1037 617; x_wconf 91' lang='lat' dir='ltr'>hoc</span> <span class='ocrx_word' id='word_1_41' title='bbox 1060 577 1148 617; x_wconf 93' lang='lat' dir='ltr'>iam</span> <span class='ocrx_word' id='word_1_42' title='bbox 1172 585 1379 632; x_wconf 91' lang='lat' dir='ltr'>tempore</span> <span class='ocrx_word' id='word_1_43' title='bbox 1403 585 1470 617; x_wconf 92' lang='lat' dir='ltr'>est</span> <span class='ocrx_word' id='word_1_44' title='bbox 1491 590 1624 617; x_wconf 89' lang='lat' dir='ltr'>curae</span> <span class='ocrx_word' id='word_1_45' title='bbox 1648 577 1941 632; x_wconf 90' lang='lat' dir='ltr'>pronuntiare</span> <span class='ocrx_word' id='word_1_46' title='bbox 1964 585 2011 618; x_wconf 90' lang='lat' dir='ltr'>et</span> 
     </span>
     <span class='ocr_line' id='line_1_6' title="bbox 200 643 2010 698; baseline -0.001 -14"><span class='ocrx_word' id='word_1_47' title='bbox 200 644 282 684; x_wconf 91' lang='lat' dir='ltr'>hac</span> <span class='ocrx_word' id='word_1_48' title='bbox 314 645 361 684; x_wconf 90' lang='lat' dir='ltr'>in</span> <span class='ocrx_word' id='word_1_49' title='bbox 393 643 500 684; x_wconf 92' lang='lat' dir='ltr'>sede</span> <span class='ocrx_word' id='word_1_50' title='bbox 533 657 753 698; x_wconf 88' lang='lat' dir='ltr'>perquam</span> <span class='ocrx_word' id='word_1_51' title='bbox 784 643 1127 683; x_wconf 91' lang='lat' dir='ltr'>accommodata</span> <span class='ocrx_word' id='word_1_52' title='bbox 1157 643 1395 683; x_wconf 87' lang='lat' dir='ltr'>admonuit</span> <span class='ocrx_word' id='word_1_53' title='bbox 1425 643 1597 698; x_wconf 87' lang='lat' dir='ltr'>collega</span> <span class='ocrx_word' id='word_1_54' title='bbox 1626 651 1729 683; x_wconf 91' lang='lat' dir='ltr'>ante</span> <span class='ocrx_word' id='word_1_55' title='bbox 1763 657 1836 683; x_wconf 89' lang='lat' dir='ltr'>me</span> <span class='ocrx_word' id='word_1_56' title='bbox 1869 643 2010 684; x_wconf 94' lang='lat' dir='ltr'>modo</span> 
     </span>
     <span class='ocr_line' id='line_1_7' title="bbox 200 709 2011 763; baseline -0.001 -13"><span class='ocrx_word' id='word_1_57' title='bbox 200 710 389 758; x_wconf 91' lang='lat' dir='ltr'>locutus,</span> <span class='ocrx_word' id='word_1_58' title='bbox 407 723 512 750; x_wconf 91' lang='lat' dir='ltr'>cum</span> <span class='ocrx_word' id='word_1_59' title='bbox 530 709 725 749; x_wconf 92' lang='lat' dir='ltr'>dilucide</span> <span class='ocrx_word' id='word_1_60' title='bbox 743 717 972 749; x_wconf 87' lang='lat' dir='ltr'>enarraret</span> <span class='ocrx_word' id='word_1_61' title='bbox 988 717 1122 763; x_wconf 90' lang='lat' dir='ltr'>atque</span> <span class='ocrx_word' id='word_1_62' title='bbox 1139 709 1373 763; x_wconf 86' lang='lat' dir='ltr'>expediret</span> <span class='ocrx_word' id='word_1_63' title='bbox 1387 710 1506 749; x_wconf 82' lang='lat' dir='ltr'>van&#39;a</span> <span class='ocrx_word' id='word_1_64' title='bbox 1522 710 1720 749; x_wconf 92' lang='lat' dir='ltr'>carmina</span> <span class='ocrx_word' id='word_1_65' title='bbox 1736 709 1876 763; x_wconf 86' lang='lat' dir='ltr'>epica,</span> <span class='ocrx_word' id='word_1_66' title='bbox 1894 723 2011 763; x_wconf 90' lang='lat' dir='ltr'>quae</span> 
     </span>
     <span class='ocr_line' id='line_1_8' title="bbox 200 774 2009 831; baseline -0.001 -15"><span class='ocrx_word' id='word_1_67' title='bbox 200 776 373 831; x_wconf 87' lang='lat' dir='ltr'>singula</span> <span class='ocrx_word' id='word_1_68' title='bbox 395 775 600 816; x_wconf 90' lang='lat' dir='ltr'>eiusdem</span> <span class='ocrx_word' id='word_1_69' title='bbox 622 775 736 815; x_wconf 92' lang='lat' dir='ltr'>illius</span> <span class='ocrx_word' id='word_1_70' title='bbox 759 774 970 815; x_wconf 92' lang='lat' dir='ltr'>Columbi</span> <span class='ocrx_word' id='word_1_71' title='bbox 995 789 1166 815; x_wconf 92' lang='lat' dir='ltr'>nomen</span> <span class='ocrx_word' id='word_1_72' title='bbox 1187 775 1360 829; x_wconf 90' lang='lat' dir='ltr'>insigne</span> <span class='ocrx_word' id='word_1_73' title='bbox 1381 774 1449 814; x_wconf 91' lang='lat' dir='ltr'>vel</span> <span class='ocrx_word' id='word_1_74' title='bbox 1472 775 1622 814; x_wconf 87' lang='lat' dir='ltr'>fronte</span> <span class='ocrx_word' id='word_1_75' title='bbox 1645 788 1752 829; x_wconf 92' lang='lat' dir='ltr'>prae</span> <span class='ocrx_word' id='word_1_76' title='bbox 1775 788 1823 815; x_wconf 93' lang='lat' dir='ltr'>se</span> <span class='ocrx_word' id='word_1_77' title='bbox 1845 775 2009 815; x_wconf 89' lang='lat' dir='ltr'>ferunt.</span> 
     </span>
     <span class='ocr_line' id='line_1_9' title="bbox 201 841 2012 897; baseline -0.001 -13"><span class='ocrx_word' id='word_1_78' title='bbox 201 842 603 884; x_wconf 90' lang='lat' dir='ltr'>Considerantibus</span> <span class='ocrx_word' id='word_1_79' title='bbox 643 850 795 882; x_wconf 91' lang='lat' dir='ltr'>autem</span> <span class='ocrx_word' id='word_1_80' title='bbox 834 841 964 882; x_wconf 92' lang='lat' dir='ltr'>nobis</span> <span class='ocrx_word' id='word_1_81' title='bbox 1003 842 1313 897; x_wconf 78' lang='lat' dir='ltr'>memoriaque</span> <span class='ocrx_word' id='word_1_82' title='bbox 1352 841 1672 896; x_wconf 91' lang='lat' dir='ltr'>repetentibus,</span> <span class='ocrx_word' id='word_1_83' title='bbox 1710 841 1895 896; x_wconf 93' lang='lat' dir='ltr'>quando</span> <span class='ocrx_word' id='word_1_84' title='bbox 1933 855 2012 882; x_wconf 92' lang='lat' dir='ltr'>cur</span> 
     </span>
     <span class='ocr_line' id='line_1_10' title="bbox 200 908 2009 966; baseline -0.001 -15"><span class='ocrx_word' id='word_1_85' title='bbox 200 910 438 966; x_wconf 91' lang='lat' dir='ltr'>quomodo</span> <span class='ocrx_word' id='word_1_86' title='bbox 474 924 614 950; x_wconf 93' lang='lat' dir='ltr'>novus</span> <span class='ocrx_word' id='word_1_87' title='bbox 647 910 743 965; x_wconf 91' lang='lat' dir='ltr'>ipse</span> <span class='ocrx_word' id='word_1_88' title='bbox 777 909 972 950; x_wconf 92' lang='lat' dir='ltr'>mundus</span> <span class='ocrx_word' id='word_1_89' title='bbox 1006 909 1175 965; x_wconf 90' lang='lat' dir='ltr'>antiqui</span> <span class='ocrx_word' id='word_1_90' title='bbox 1209 908 1468 949; x_wconf 92' lang='lat' dir='ltr'>hominibus</span> <span class='ocrx_word' id='word_1_91' title='bbox 1500 908 1622 949; x_wconf 91' lang='lat' dir='ltr'>orbis</span> <span class='ocrx_word' id='word_1_92' title='bbox 1655 908 1884 964; x_wconf 90' lang='lat' dir='ltr'>mediique</span> <span class='ocrx_word' id='word_1_93' title='bbox 1916 909 2009 949; x_wconf 91' lang='lat' dir='ltr'>aevi</span> 
     </span>
     <span class='ocr_line' id='line_1_11' title="bbox 201 975 2013 1033; baseline -0.001 -15"><span class='ocrx_word' id='word_1_94' title='bbox 201 992 384 1033; x_wconf 91' lang='lat' dir='ltr'>prorsus</span> <span class='ocrx_word' id='word_1_95' title='bbox 404 979 585 1032; x_wconf 90' lang='lat' dir='ltr'>ignotus</span> <span class='ocrx_word' id='word_1_96' title='bbox 605 977 661 1017; x_wconf 96' lang='lat' dir='ltr'>ab</span> <span class='ocrx_word' id='word_1_97' title='bbox 681 977 892 1032; x_wconf 91' lang='lat' dir='ltr'>Hispanis</span> <span class='ocrx_word' id='word_1_98' title='bbox 910 976 1063 1031; x_wconf 89' lang='lat' dir='ltr'>Anglis</span> <span class='ocrx_word' id='word_1_99' title='bbox 1083 976 1266 1031; x_wconf 88' lang='lat' dir='ltr'>aliisque</span> <span class='ocrx_word' id='word_1_100' title='bbox 1287 977 1513 1031; x_wconf 91' lang='lat' dir='ltr'>Europam</span> <span class='ocrx_word' id='word_1_101' title='bbox 1533 984 1629 1016; x_wconf 90' lang='lat' dir='ltr'>tum</span> <span class='ocrx_word' id='word_1_102' title='bbox 1648 975 1947 1016; x_wconf 90' lang='lat' dir='ltr'>incolentibus</span> <span class='ocrx_word' id='word_1_103' title='bbox 1965 976 2013 1016; x_wconf 90' lang='lat' dir='ltr'>in</span> 
     </span>
     <span class='ocr_line' id='line_1_12' title="bbox 201 1042 2011 1098; baseline -0.002 -13"><span class='ocrx_word' id='word_1_104' title='bbox 201 1046 459 1085; x_wconf 91' lang='lat' dir='ltr'>universum</span> <span class='ocrx_word' id='word_1_105' title='bbox 482 1045 570 1084; x_wconf 89' lang='lat' dir='ltr'>sive</span> <span class='ocrx_word' id='word_1_106' title='bbox 594 1052 797 1098; x_wconf 88' lang='lat' dir='ltr'>repertus</span> <span class='ocrx_word' id='word_1_107' title='bbox 820 1044 908 1083; x_wconf 89' lang='lat' dir='ltr'>sive</span> <span class='ocrx_word' id='word_1_108' title='bbox 931 1051 1210 1098; x_wconf 90' lang='lat' dir='ltr'>expugnatus</span> <span class='ocrx_word' id='word_1_109' title='bbox 1232 1043 1287 1083; x_wconf 92' lang='lat' dir='ltr'>sit</span> <span class='ocrx_word' id='word_1_110' title='bbox 1308 1051 1354 1083; x_wconf 92' lang='lat' dir='ltr'>et</span> <span class='ocrx_word' id='word_1_111' title='bbox 1374 1042 1594 1091; x_wconf 90' lang='lat' dir='ltr'>subactus,</span> <span class='ocrx_word' id='word_1_112' title='bbox 1617 1042 1705 1082; x_wconf 92' lang='lat' dir='ltr'>hoc</span> <span class='ocrx_word' id='word_1_113' title='bbox 1728 1043 2011 1097; x_wconf 91' lang='lat' dir='ltr'>potissimum</span> 
     </span>
     <span class='ocr_line' id='line_1_13' title="bbox 201 1108 2012 1164; baseline -0.002 -13"><span class='ocrx_word' id='word_1_114' title='bbox 201 1125 297 1151; x_wconf 92' lang='lat' dir='ltr'>esse</span> <span class='ocrx_word' id='word_1_115' title='bbox 313 1110 604 1151; x_wconf 89' lang='lat' dir='ltr'>statuendum</span> <span class='ocrx_word' id='word_1_116' title='bbox 618 1110 794 1150; x_wconf 89' lang='lat' dir='ltr'>videtur</span> <span class='ocrx_word' id='word_1_117' title='bbox 808 1109 880 1150; x_wconf 90' lang='lat' dir='ltr'>illa</span> <span class='ocrx_word' id='word_1_118' title='bbox 894 1110 1182 1158; x_wconf 85' lang='lat' dir='ltr'>documenta,</span> <span class='ocrx_word' id='word_1_119' title='bbox 1198 1109 1359 1164; x_wconf 90' lang='lat' dir='ltr'>quibus</span> <span class='ocrx_word' id='word_1_120' title='bbox 1373 1110 1607 1149; x_wconf 83' lang='lat' dir='ltr'>Amen&#39;cae</span> <span class='ocrx_word' id='word_1_121' title='bbox 1623 1109 1819 1164; x_wconf 87' lang='lat' dir='ltr'>origines</span> <span class='ocrx_word' id='word_1_122' title='bbox 1834 1109 1941 1149; x_wconf 92' lang='lat' dir='ltr'>inde</span> <span class='ocrx_word' id='word_1_123' title='bbox 1956 1108 2012 1148; x_wconf 88' lang='lat' dir='ltr'>ab</span> 
     </span>
     <span class='ocr_line' id='line_1_14' title="bbox 201 1175 2011 1233; baseline -0.002 -15"><span class='ocrx_word' id='word_1_124' title='bbox 201 1192 258 1218; x_wconf 92' lang='lat' dir='ltr'>eo</span> <span class='ocrx_word' id='word_1_125' title='bbox 288 1192 423 1227; x_wconf 91' lang='lat' dir='ltr'>anno,</span> <span class='ocrx_word' id='word_1_126' title='bbox 453 1191 546 1233; x_wconf 93' lang='lat' dir='ltr'>quo</span> <span class='ocrx_word' id='word_1_127' title='bbox 575 1177 826 1217; x_wconf 91' lang='lat' dir='ltr'>Columbus</span> <span class='ocrx_word' id='word_1_128' title='bbox 853 1177 941 1217; x_wconf 92' lang='lat' dir='ltr'>huc</span> <span class='ocrx_word' id='word_1_129' title='bbox 970 1176 1154 1232; x_wconf 90' lang='lat' dir='ltr'>appulit,</span> <span class='ocrx_word' id='word_1_130' title='bbox 1183 1176 1432 1231; x_wconf 85' lang='lat' dir='ltr'>descriptae</span> <span class='ocrx_word' id='word_1_131' title='bbox 1461 1184 1565 1216; x_wconf 92' lang='lat' dir='ltr'>sunt</span> <span class='ocrx_word' id='word_1_132' title='bbox 1591 1184 1725 1231; x_wconf 88' lang='lat' dir='ltr'>atque</span> <span class='ocrx_word' id='word_1_133' title='bbox 1754 1175 2011 1230; x_wconf 39' lang='lat' dir='ltr'>explic-atae,</span> 
     </span>
     <span class='ocr_line' id='line_1_15' title="bbox 202 1243 2015 1300; baseline -0.002 -14"><span class='ocrx_word' id='word_1_134' title='bbox 202 1245 345 1286; x_wconf 90' lang='lat' dir='ltr'>multo</span> <span class='ocrx_word' id='word_1_135' title='bbox 365 1245 585 1285; x_wconf 92' lang='lat' dir='ltr'>maiorem</span> <span class='ocrx_word' id='word_1_136' title='bbox 603 1252 724 1285; x_wconf 91' lang='lat' dir='ltr'>certe</span> <span class='ocrx_word' id='word_1_137' title='bbox 743 1252 931 1300; x_wconf 90' lang='lat' dir='ltr'>partem,</span> <span class='ocrx_word' id='word_1_138' title='bbox 950 1258 1086 1299; x_wconf 93' lang='lat' dir='ltr'>quam</span> <span class='ocrx_word' id='word_1_139' title='bbox 1103 1243 1235 1299; x_wconf 89' lang='lat' dir='ltr'>vulgo</span> <span class='ocrx_word' id='word_1_140' title='bbox 1253 1243 1462 1292; x_wconf 92' lang='lat' dir='ltr'>creditur,</span> <span class='ocrx_word' id='word_1_141' title='bbox 1482 1243 1645 1283; x_wconf 91' lang='lat' dir='ltr'>Latinis</span> <span class='ocrx_word' id='word_1_142' title='bbox 1663 1243 1819 1298; x_wconf 91' lang='lat' dir='ltr'>utique</span> <span class='ocrx_word' id='word_1_143' title='bbox 1837 1250 2015 1283; x_wconf 85' lang='lat' dir='ltr'>exarata</span> 
     </span>
     <span class='ocr_line' id='line_1_16' title="bbox 202 1305 902 1367; baseline -0.001 -14"><span class='ocrx_word' id='word_1_144' title='bbox 202 1313 356 1353; x_wconf 91' lang='lat' dir='ltr'>litteris</span> <span class='ocrx_word' id='word_1_145' title='bbox 377 1327 474 1353; x_wconf 92' lang='lat' dir='ltr'>esse</span> <span class='ocrx_word' id='word_1_146' title='bbox 496 1312 657 1353; x_wconf 90' lang='lat' dir='ltr'>tradita</span> <span class='ocrx_word' id='word_1_147' title='bbox 678 1305 902 1367; x_wconf 76' lang='lat' dir='ltr'>posteris.⁴</span> 
     </span>
    </p>

    <p class='ocr_par' dir='ltr' id='par_1_3' title="bbox 202 1376 2016 2168">
     <span class='ocr_line' id='line_1_17' title="bbox 268 1376 2011 1434; baseline -0.002 -14"><span class='ocrx_word' id='word_1_148' title='bbox 268 1381 417 1434; x_wconf 89' lang='lat' dir='ltr'>Atque</span> <span class='ocrx_word' id='word_1_149' title='bbox 434 1379 566 1419; x_wconf 91' lang='lat' dir='ltr'>huius</span> <span class='ocrx_word' id='word_1_150' title='bbox 582 1378 768 1433; x_wconf 91' lang='lat' dir='ltr'>quidem</span> <span class='ocrx_word' id='word_1_151' title='bbox 786 1379 847 1418; x_wconf 89' lang='lat' dir='ltr'>rei</span> <span class='ocrx_word' id='word_1_152' title='bbox 865 1378 1146 1432; x_wconf 90' lang='lat' dir='ltr'>gravissimae</span> <span class='ocrx_word' id='word_1_153' title='bbox 1163 1378 1420 1417; x_wconf 89' lang='lat' dir='ltr'>testimonia</span> <span class='ocrx_word' id='word_1_154' title='bbox 1433 1377 1501 1417; x_wconf 96' lang='lat' dir='ltr'>vel</span> <span class='ocrx_word' id='word_1_155' title='bbox 1518 1377 1709 1417; x_wconf 81' lang='lat' dir='ltr'>maxime</span> <span class='ocrx_word' id='word_1_156' title='bbox 1725 1377 1906 1431; x_wconf 88' lang='lat' dir='ltr'>egregia</span> <span class='ocrx_word' id='word_1_157' title='bbox 1918 1376 2011 1416; x_wconf 89' lang='lat' dir='ltr'>bini</span> 
     </span>
     <span class='ocr_line' id='line_1_18' title="bbox 202 1442 2012 1499; baseline -0.002 -13"><span class='ocrx_word' id='word_1_158' title='bbox 202 1447 438 1486; x_wconf 89' lang='lat' dir='ltr'>continent</span> <span class='ocrx_word' id='word_1_159' title='bbox 452 1445 655 1499; x_wconf 83' lang='lat' dir='ltr'>catalogi,</span> <span class='ocrx_word' id='word_1_160' title='bbox 672 1445 747 1499; x_wconf 92' lang='lat' dir='ltr'>qui</span> <span class='ocrx_word' id='word_1_161' title='bbox 763 1445 833 1484; x_wconf 86' lang='lat' dir='ltr'>vix</span> <span class='ocrx_word' id='word_1_162' title='bbox 849 1445 994 1498; x_wconf 90' lang='lat' dir='ltr'>aptius</span> <span class='ocrx_word' id='word_1_163' title='bbox 1009 1443 1186 1483; x_wconf 90' lang='lat' dir='ltr'>inscribi</span> <span class='ocrx_word' id='word_1_164' title='bbox 1204 1452 1452 1498; x_wconf 92' lang='lat' dir='ltr'>potuerunt</span> <span class='ocrx_word' id='word_1_165' title='bbox 1466 1443 1518 1494; x_wconf 90' lang='lat' dir='ltr'>(si</span> <span class='ocrx_word' id='word_1_166' title='bbox 1536 1443 1689 1483; x_wconf 91' lang='lat' dir='ltr'>Latine</span> <span class='ocrx_word' id='word_1_167' title='bbox 1706 1442 1808 1482; x_wconf 90' lang='lat' dir='ltr'>licet</span> <span class='ocrx_word' id='word_1_168' title='bbox 1820 1442 2012 1493; x_wconf 90' lang='lat' dir='ltr'>vertere)</span> 
     </span>
     <span class='ocr_line' id='line_1_19' title="bbox 202 1507 2014 1567; baseline -0.002 -15"><span class='ocrx_word' id='word_1_169' title='bbox 202 1526 352 1567; x_wconf 89' lang='lat' dir='ltr'>quam:</span> <span class='ocrx_word' id='word_1_170' title='bbox 383 1511 565 1552; x_wconf 87' lang='lat' dir='ltr'>“Novus</span> <span class='ocrx_word' id='word_1_171' title='bbox 593 1511 715 1551; x_wconf 90' lang='lat' dir='ltr'>orbis</span> <span class='ocrx_word' id='word_1_172' title='bbox 743 1511 790 1551; x_wconf 90' lang='lat' dir='ltr'>in</span> <span class='ocrx_word' id='word_1_173' title='bbox 819 1511 1025 1565; x_wconf 91' lang='lat' dir='ltr'>Europae</span> <span class='ocrx_word' id='word_1_174' title='bbox 1053 1518 1203 1550; x_wconf 89' lang='lat' dir='ltr'>vetere</span> <span class='ocrx_word' id='word_1_175' title='bbox 1232 1509 1426 1564; x_wconf 92' lang='lat' dir='ltr'>quadam</span> <span class='ocrx_word' id='word_1_176' title='bbox 1454 1508 1726 1549; x_wconf 89' lang='lat' dir='ltr'>bibliotheca</span> <span class='ocrx_word' id='word_1_177' title='bbox 1753 1507 1937 1548; x_wconf 89' lang='lat' dir='ltr'>obvius&#39;&#39;</span> <span class='ocrx_word' id='word_1_178' title='bbox 1967 1516 2014 1548; x_wconf 91' lang='lat' dir='ltr'>et</span> 
     </span>
     <span class='ocr_line' id='line_1_20' title="bbox 203 1575 2013 1632; baseline -0.002 -12"><span class='ocrx_word' id='word_1_179' title='bbox 203 1579 387 1620; x_wconf 91' lang='lat' dir='ltr'>“Latina</span> <span class='ocrx_word' id='word_1_180' title='bbox 406 1579 615 1619; x_wconf 89' lang='lat' dir='ltr'>America</span> <span class='ocrx_word' id='word_1_181' title='bbox 635 1579 682 1619; x_wconf 92' lang='lat' dir='ltr'>in</span> <span class='ocrx_word' id='word_1_182' title='bbox 702 1578 894 1618; x_wconf 89' lang='lat' dir='ltr'>Saxonia</span> <span class='ocrx_word' id='word_1_183' title='bbox 913 1578 1131 1618; x_wconf 88' lang='lat' dir='ltr'>Inferiore</span> <span class='ocrx_word' id='word_1_184' title='bbox 1153 1575 1437 1632; x_wconf 90' lang='lat' dir='ltr'>conspicua”;</span> <span class='ocrx_word' id='word_1_185' title='bbox 1460 1576 1661 1617; x_wconf 90' lang='lat' dir='ltr'>exhibuit</span> <span class='ocrx_word' id='word_1_186' title='bbox 1680 1576 1803 1616; x_wconf 90' lang='lat' dir='ltr'>enim</span> <span class='ocrx_word' id='word_1_187' title='bbox 1824 1575 2013 1616; x_wconf 88' lang='lat' dir='ltr'>alterum</span> 
     </span>
     <span class='ocr_line' id='line_1_21' title="bbox 203 1635 2013 1694; baseline -0.002 -7"><span class='ocrx_word' id='word_1_188' title='bbox 203 1646 366 1687; x_wconf 91' lang='lat' dir='ltr'>librum</span> <span class='ocrx_word' id='word_1_189' title='bbox 403 1646 633 1686; x_wconf 91' lang='lat' dir='ltr'>laudatum</span> <span class='ocrx_word' id='word_1_190' title='bbox 669 1637 948 1694; x_wconf 88' lang='lat' dir='ltr'>duodecim,5</span> <span class='ocrx_word' id='word_1_191' title='bbox 985 1644 1174 1685; x_wconf 89' lang='lat' dir='ltr'>alterum</span> <span class='ocrx_word' id='word_1_192' title='bbox 1211 1644 1349 1684; x_wconf 95' lang='lat' dir='ltr'>tribus</span> <span class='ocrx_word' id='word_1_193' title='bbox 1385 1643 1546 1684; x_wconf 91' lang='lat' dir='ltr'>abhinc</span> <span class='ocrx_word' id='word_1_194' title='bbox 1582 1635 1728 1684; x_wconf 80' lang='lat' dir='ltr'>annis⁶</span> <span class='ocrx_word' id='word_1_195' title='bbox 1764 1642 2013 1683; x_wconf 91' lang='lat' dir='ltr'>admodum</span> 
     </span>
     <span class='ocr_line' id='line_1_22' title="bbox 204 1710 2016 1768; baseline -0.002 -14"><span class='ocrx_word' id='word_1_196' title='bbox 204 1714 365 1754; x_wconf 91' lang='lat' dir='ltr'>nobilis</span> <span class='ocrx_word' id='word_1_197' title='bbox 397 1714 493 1768; x_wconf 92' lang='lat' dir='ltr'>ipsa</span> <span class='ocrx_word' id='word_1_198' title='bbox 525 1713 803 1753; x_wconf 90' lang='lat' dir='ltr'>Bibliotheca</span> <span class='ocrx_word' id='word_1_199' title='bbox 833 1714 1046 1767; x_wconf 89' lang='lat' dir='ltr'>Augusta,</span> <span class='ocrx_word' id='word_1_200' title='bbox 1079 1712 1154 1752; x_wconf 92' lang='lat' dir='ltr'>ubi</span> <span class='ocrx_word' id='word_1_201' title='bbox 1189 1712 1427 1751; x_wconf 90' lang='lat' dir='ltr'>novissima</span> <span class='ocrx_word' id='word_1_202' title='bbox 1458 1719 1553 1751; x_wconf 90' lang='lat' dir='ltr'>tum</span> <span class='ocrx_word' id='word_1_203' title='bbox 1585 1711 1855 1751; x_wconf 90' lang='lat' dir='ltr'>Neo-Latina</span> <span class='ocrx_word' id='word_1_204' title='bbox 1885 1710 2016 1750; x_wconf 91' lang='lat' dir='ltr'>habe-</span> 
     </span>
     <span class='ocr_line' id='line_1_23' title="bbox 202 1777 2014 1833; baseline -0.003 -12"><span class='ocrx_word' id='word_1_205' title='bbox 202 1781 366 1821; x_wconf 90' lang='lat' dir='ltr'>bantur</span> <span class='ocrx_word' id='word_1_206' title='bbox 384 1779 630 1820; x_wconf 89' lang='lat' dir='ltr'>triennalia.</span> <span class='ocrx_word' id='word_1_207' title='bbox 650 1780 742 1819; x_wconf 93' lang='lat' dir='ltr'>Iam</span> <span class='ocrx_word' id='word_1_208' title='bbox 759 1793 881 1828; x_wconf 91' lang='lat' dir='ltr'>vero,</span> <span class='ocrx_word' id='word_1_209' title='bbox 900 1778 1123 1833; x_wconf 90' lang='lat' dir='ltr'>siquidem</span> <span class='ocrx_word' id='word_1_210' title='bbox 1142 1778 1350 1833; x_wconf 91' lang='lat' dir='ltr'>permulti</span> <span class='ocrx_word' id='word_1_211' title='bbox 1370 1786 1603 1832; x_wconf 90' lang='lat' dir='ltr'>praeterea</span> <span class='ocrx_word' id='word_1_212' title='bbox 1618 1778 1815 1831; x_wconf 91' lang='lat' dir='ltr'>variique</span> <span class='ocrx_word' id='word_1_213' title='bbox 1833 1777 2014 1817; x_wconf 91' lang='lat' dir='ltr'>interim</span> 
     </span>
     <span class='ocr_line' id='line_1_24' title="bbox 203 1843 2013 1899; baseline -0.002 -12"><span class='ocrx_word' id='word_1_214' title='bbox 203 1847 516 1888; x_wconf 90' lang='lat' dir='ltr'>commentarii</span> <span class='ocrx_word' id='word_1_215' title='bbox 552 1846 746 1886; x_wconf 93' lang='lat' dir='ltr'>eandem</span> <span class='ocrx_word' id='word_1_216' title='bbox 779 1845 898 1886; x_wconf 93' lang='lat' dir='ltr'>illam</span> <span class='ocrx_word' id='word_1_217' title='bbox 934 1860 1029 1885; x_wconf 92' lang='lat' dir='ltr'>rem</span> <span class='ocrx_word' id='word_1_218' title='bbox 1063 1853 1387 1885; x_wconf 91' lang='lat' dir='ltr'>concernentes</span> <span class='ocrx_word' id='word_1_219' title='bbox 1422 1844 1584 1899; x_wconf 90' lang='lat' dir='ltr'>publici</span> <span class='ocrx_word' id='word_1_220' title='bbox 1620 1852 1724 1884; x_wconf 90' lang='lat' dir='ltr'>sunt</span> <span class='ocrx_word' id='word_1_221' title='bbox 1757 1843 1858 1883; x_wconf 89' lang='lat' dir='ltr'>facti</span> <span class='ocrx_word' id='word_1_222' title='bbox 1893 1843 2013 1892; x_wconf 76' lang='lat' dir='ltr'>iuris,</span> 
     </span>
     <span class='ocr_line' id='line_1_25' title="bbox 204 1910 2015 1969; baseline -0.003 -14"><span class='ocrx_word' id='word_1_223' title='bbox 204 1914 396 1969; x_wconf 88' lang='lat' dir='ltr'>exempli</span> <span class='ocrx_word' id='word_1_224' title='bbox 423 1914 564 1969; x_wconf 88' lang='lat' dir='ltr'>gratia</span> <span class='ocrx_word' id='word_1_225' title='bbox 587 1913 759 1968; x_wconf 92' lang='lat' dir='ltr'>aliquot</span> <span class='ocrx_word' id='word_1_226' title='bbox 782 1927 923 1968; x_wconf 93' lang='lat' dir='ltr'>opera</span> <span class='ocrx_word' id='word_1_227' title='bbox 949 1913 1200 1952; x_wconf 86' lang='lat' dir='ltr'>recentiora</span> <span class='ocrx_word' id='word_1_228' title='bbox 1224 1912 1307 1952; x_wconf 92' lang='lat' dir='ltr'>sub</span> <span class='ocrx_word' id='word_1_229' title='bbox 1331 1925 1424 1952; x_wconf 94' lang='lat' dir='ltr'>uno</span> <span class='ocrx_word' id='word_1_230' title='bbox 1449 1911 1568 1951; x_wconf 91' lang='lat' dir='ltr'>velut</span> <span class='ocrx_word' id='word_1_231' title='bbox 1591 1919 1774 1966; x_wconf 90' lang='lat' dir='ltr'>aspectu</span> <span class='ocrx_word' id='word_1_232' title='bbox 1799 1910 2015 1950; x_wconf 89' lang='lat' dir='ltr'>collocata</span> 
     </span>
     <span class='ocr_line' id='line_1_26' title="bbox 204 1977 2016 2036; baseline -0.002 -15"><span class='ocrx_word' id='word_1_233' title='bbox 204 1982 448 2036; x_wconf 88' lang='lat' dir='ltr'>unicuique</span> <span class='ocrx_word' id='word_1_234' title='bbox 475 1989 671 2021; x_wconf 93' lang='lat' dir='ltr'>vestrum</span> <span class='ocrx_word' id='word_1_235' title='bbox 700 1980 884 2035; x_wconf 93' lang='lat' dir='ltr'>praebui</span> <span class='ocrx_word' id='word_1_236' title='bbox 914 1988 1126 2034; x_wconf 92' lang='lat' dir='ltr'>prompta</span> <span class='ocrx_word' id='word_1_237' title='bbox 1151 1980 1212 2019; x_wconf 88' lang='lat' dir='ltr'>ita</span> <span class='ocrx_word' id='word_1_238' title='bbox 1239 1978 1437 2033; x_wconf 92' lang='lat' dir='ltr'>quidem,</span> <span class='ocrx_word' id='word_1_239' title='bbox 1466 1987 1516 2018; x_wconf 92' lang='lat' dir='ltr'>ut</span> <span class='ocrx_word' id='word_1_240' title='bbox 1541 1977 1836 2026; x_wconf 87' lang='lat' dir='ltr'>confiderem,</span> <span class='ocrx_word' id='word_1_241' title='bbox 1865 1978 1899 2017; x_wconf 94' lang='lat' dir='ltr'>si</span> <span class='ocrx_word' id='word_1_242' title='bbox 1927 1990 2016 2031; x_wconf 91' lang='lat' dir='ltr'>qua</span> 
     </span>
     <span class='ocr_line' id='line_1_27' title="bbox 205 2043 2014 2102; baseline -0.002 -15"><span class='ocrx_word' id='word_1_243' title='bbox 205 2048 556 2102; x_wconf 91' lang='lat' dir='ltr'>praetermisisse</span> <span class='ocrx_word' id='word_1_244' title='bbox 575 2048 691 2087; x_wconf 91' lang='lat' dir='ltr'>visus</span> <span class='ocrx_word' id='word_1_245' title='bbox 712 2060 871 2095; x_wconf 92' lang='lat' dir='ltr'>essem,</span> <span class='ocrx_word' id='word_1_246' title='bbox 892 2046 1054 2100; x_wconf 92' lang='lat' dir='ltr'>quibus</span> <span class='ocrx_word' id='word_1_247' title='bbox 1074 2045 1350 2099; x_wconf 90' lang='lat' dir='ltr'>aliquantum</span> <span class='ocrx_word' id='word_1_248' title='bbox 1371 2045 1503 2085; x_wconf 91' lang='lat' dir='ltr'>tribui</span> <span class='ocrx_word' id='word_1_249' title='bbox 1525 2052 1760 2098; x_wconf 91' lang='lat' dir='ltr'>oporteret</span> <span class='ocrx_word' id='word_1_250' title='bbox 1779 2043 2014 2091; x_wconf 86' lang='lat' dir='ltr'>momenti,</span> 
     </span>
     <span class='ocr_line' id='line_1_28' title="bbox 205 2111 1689 2168; baseline -0.003 -14"><span class='ocrx_word' id='word_1_251' title='bbox 205 2113 366 2154; x_wconf 90' lang='lat' dir='ltr'>eadem</span> <span class='ocrx_word' id='word_1_252' title='bbox 388 2127 467 2153; x_wconf 93' lang='lat' dir='ltr'>sua</span> <span class='ocrx_word' id='word_1_253' title='bbox 486 2126 715 2168; x_wconf 89' lang='lat' dir='ltr'>quemque</span> <span class='ocrx_word' id='word_1_254' title='bbox 737 2120 899 2167; x_wconf 92' lang='lat' dir='ltr'>sponte</span> <span class='ocrx_word' id='word_1_255' title='bbox 921 2125 1100 2152; x_wconf 92' lang='lat' dir='ltr'>mecum</span> <span class='ocrx_word' id='word_1_256' title='bbox 1121 2125 1217 2152; x_wconf 92' lang='lat' dir='ltr'>esse</span> <span class='ocrx_word' id='word_1_257' title='bbox 1238 2111 1689 2151; x_wconf 90' lang='lat' dir='ltr'>communicaturum.</span> 
     </span>
    </p>

    <p class='ocr_par' dir='ltr' id='par_1_4' title="bbox 205 2176 2020 2571">
     <span class='ocr_line' id='line_1_29' title="bbox 272 2176 2015 2235; baseline -0.003 -15"><span class='ocrx_word' id='word_1_258' title='bbox 272 2180 361 2220; x_wconf 93' lang='lat' dir='ltr'>Sed</span> <span class='ocrx_word' id='word_1_259' title='bbox 393 2193 667 2235; x_wconf 91' lang='lat' dir='ltr'>quamquam</span> <span class='ocrx_word' id='word_1_260' title='bbox 700 2179 822 2220; x_wconf 90' lang='lat' dir='ltr'>haud</span> <span class='ocrx_word' id='word_1_261' title='bbox 853 2180 1015 2234; x_wconf 90' lang='lat' dir='ltr'>ignoro</span> <span class='ocrx_word' id='word_1_262' title='bbox 1048 2178 1443 2232; x_wconf 90' lang='lat' dir='ltr'>Bibliothecaeque</span> <span class='ocrx_word' id='word_1_263' title='bbox 1476 2177 1611 2217; x_wconf 90' lang='lat' dir='ltr'>etiam</span> <span class='ocrx_word' id='word_1_264' title='bbox 1643 2176 1756 2217; x_wconf 90' lang='lat' dir='ltr'>illius</span> <span class='ocrx_word' id='word_1_265' title='bbox 1786 2177 2015 2231; x_wconf 84' lang='lat' dir='ltr'>Augustae</span> 
     </span>
     <span class='ocr_line' id='line_1_30' title="bbox 205 2243 2020 2302; baseline -0.003 -14"><span class='ocrx_word' id='word_1_266' title='bbox 205 2248 366 2288; x_wconf 87' lang='lat' dir='ltr'>scrinia</span> <span class='ocrx_word' id='word_1_267' title='bbox 385 2255 686 2302; x_wconf 90' lang='lat' dir='ltr'>perscrutatus</span> <span class='ocrx_word' id='word_1_268' title='bbox 706 2247 802 2302; x_wconf 88' lang='lat' dir='ltr'>ipse</span> <span class='ocrx_word' id='word_1_269' title='bbox 822 2246 969 2287; x_wconf 90' lang='lat' dir='ltr'>habeo</span> <span class='ocrx_word' id='word_1_270' title='bbox 990 2245 1121 2301; x_wconf 89' lang='lat' dir='ltr'>plane</span> <span class='ocrx_word' id='word_1_271' title='bbox 1142 2245 1374 2300; x_wconf 89' lang='lat' dir='ltr'>cognitum</span> <span class='ocrx_word' id='word_1_272' title='bbox 1393 2243 1740 2285; x_wconf 88' lang='lat' dir='ltr'>innumerabiles</span> <span class='ocrx_word' id='word_1_273' title='bbox 1759 2243 2020 2298; x_wconf 86' lang='lat' dir='ltr'>investigan-</span> 
     </span>
     <span class='ocr_line' id='line_1_31' title="bbox 205 2309 2016 2369; baseline -0.003 -13"><span class='ocrx_word' id='word_1_274' title='bbox 205 2315 289 2355; x_wconf 92' lang='lat' dir='ltr'>dos</span> <span class='ocrx_word' id='word_1_275' title='bbox 324 2323 496 2355; x_wconf 90' lang='lat' dir='ltr'>exstare</span> <span class='ocrx_word' id='word_1_276' title='bbox 531 2315 711 2355; x_wconf 91' lang='lat' dir='ltr'>Latinos</span> <span class='ocrx_word' id='word_1_277' title='bbox 745 2313 967 2369; x_wconf 89' lang='lat' dir='ltr'>quosdam</span> <span class='ocrx_word' id='word_1_278' title='bbox 1002 2313 1163 2362; x_wconf 90' lang='lat' dir='ltr'>fontes,</span> <span class='ocrx_word' id='word_1_279' title='bbox 1198 2313 1274 2368; x_wconf 94' lang='lat' dir='ltr'>qui</span> <span class='ocrx_word' id='word_1_280' title='bbox 1309 2311 1493 2367; x_wconf 92' lang='lat' dir='ltr'>quidem</span> <span class='ocrx_word' id='word_1_281' title='bbox 1527 2311 1585 2352; x_wconf 91' lang='lat' dir='ltr'>ad</span> <span class='ocrx_word' id='word_1_282' title='bbox 1617 2309 1912 2366; x_wconf 90' lang='lat' dir='ltr'>explorandas</span> <span class='ocrx_word' id='word_1_283' title='bbox 1947 2323 2016 2351; x_wconf 91' lang='lat' dir='ltr'>res</span> 
     </span>
     <span class='ocr_line' id='line_1_32' title="bbox 207 2378 2017 2438; baseline -0.003 -15"><span class='ocrx_word' id='word_1_284' title='bbox 207 2383 401 2438; x_wconf 89' lang='lat' dir='ltr'>pristinis</span> <span class='ocrx_word' id='word_1_285' title='bbox 428 2382 542 2423; x_wconf 91' lang='lat' dir='ltr'>Novi</span> <span class='ocrx_word' id='word_1_286' title='bbox 573 2381 708 2423; x_wconf 92' lang='lat' dir='ltr'>Orbis</span> <span class='ocrx_word' id='word_1_287' title='bbox 737 2381 1017 2436; x_wconf 91' lang='lat' dir='ltr'>temporibus</span> <span class='ocrx_word' id='word_1_288' title='bbox 1045 2389 1189 2436; x_wconf 88' lang='lat' dir='ltr'>gestas</span> <span class='ocrx_word' id='word_1_289' title='bbox 1218 2380 1461 2435; x_wconf 90' lang='lat' dir='ltr'>plurimum</span> <span class='ocrx_word' id='word_1_290' title='bbox 1487 2379 1672 2428; x_wconf 90' lang='lat' dir='ltr'>valeant,</span> <span class='ocrx_word' id='word_1_291' title='bbox 1702 2378 1782 2419; x_wconf 90' lang='lat' dir='ltr'>sed</span> <span class='ocrx_word' id='word_1_292' title='bbox 1808 2378 1884 2433; x_wconf 89' lang='lat' dir='ltr'>qui</span> <span class='ocrx_word' id='word_1_293' title='bbox 1912 2391 2017 2418; x_wconf 91' lang='lat' dir='ltr'>cum</span> 
     </span>
     <span class='ocr_line' id='line_1_33' title="bbox 206 2445 2016 2503; baseline -0.003 -12"><span class='ocrx_word' id='word_1_294' title='bbox 206 2450 353 2491; x_wconf 91' lang='lat' dir='ltr'>adhuc</span> <span class='ocrx_word' id='word_1_295' title='bbox 375 2450 512 2491; x_wconf 90' lang='lat' dir='ltr'>abditi</span> <span class='ocrx_word' id='word_1_296' title='bbox 536 2450 702 2490; x_wconf 90' lang='lat' dir='ltr'>lateant</span> <span class='ocrx_word' id='word_1_297' title='bbox 722 2463 748 2490; x_wconf 88' lang='lat' dir='ltr'>e</span> <span class='ocrx_word' id='word_1_298' title='bbox 771 2449 967 2490; x_wconf 91' lang='lat' dir='ltr'>tenebris</span> <span class='ocrx_word' id='word_1_299' title='bbox 988 2450 1035 2489; x_wconf 92' lang='lat' dir='ltr'>in</span> <span class='ocrx_word' id='word_1_300' title='bbox 1056 2448 1202 2489; x_wconf 92' lang='lat' dir='ltr'>lucem</span> <span class='ocrx_word' id='word_1_301' title='bbox 1224 2461 1359 2503; x_wconf 89' lang='lat' dir='ltr'>quam</span> <span class='ocrx_word' id='word_1_302' title='bbox 1382 2448 1578 2502; x_wconf 91' lang='lat' dir='ltr'>primum</span> <span class='ocrx_word' id='word_1_303' title='bbox 1600 2447 1688 2487; x_wconf 90' lang='lat' dir='ltr'>sint</span> <span class='ocrx_word' id='word_1_304' title='bbox 1708 2445 2016 2501; x_wconf 90' lang='lat' dir='ltr'>protrahendi,</span> 
     </span>
     <span class='ocr_line' id='line_1_34' title="bbox 206 2513 2016 2571; baseline -0.003 -13"><span class='ocrx_word' id='word_1_305' title='bbox 206 2518 344 2558; x_wconf 88' lang='lat' dir='ltr'>hodie</span> <span class='ocrx_word' id='word_1_306' title='bbox 373 2526 526 2557; x_wconf 90' lang='lat' dir='ltr'>tamen</span> <span class='ocrx_word' id='word_1_307' title='bbox 551 2517 766 2571; x_wconf 91' lang='lat' dir='ltr'>equidem</span> <span class='ocrx_word' id='word_1_308' title='bbox 792 2516 876 2556; x_wconf 93' lang='lat' dir='ltr'>alia</span> <span class='ocrx_word' id='word_1_309' title='bbox 902 2515 1287 2570; x_wconf 89' lang='lat' dir='ltr'>progrediendum</span> <span class='ocrx_word' id='word_1_310' title='bbox 1312 2515 1382 2554; x_wconf 93' lang='lat' dir='ltr'>via</span> <span class='ocrx_word' id='word_1_311' title='bbox 1406 2528 1584 2554; x_wconf 91' lang='lat' dir='ltr'>censeo.</span> <span class='ocrx_word' id='word_1_312' title='bbox 1612 2514 1728 2554; x_wconf 91' lang='lat' dir='ltr'>Nam</span> <span class='ocrx_word' id='word_1_313' title='bbox 1754 2513 1931 2560; x_wconf 86' lang='lat' dir='ltr'>veritus,</span> <span class='ocrx_word' id='word_1_314' title='bbox 1960 2526 2016 2552; x_wconf 91' lang='lat' dir='ltr'>ne</span> 
     </span>
    </p>
   </div>
   <div class='ocr_carea' id='block_1_3' title="bbox 207 2713 2021 3100">
    <p class='ocr_par' dir='ltr' id='par_1_5' title="bbox 207 2713 2019 2874">
     <span class='ocr_line' id='line_1_35' title="bbox 287 2713 2019 2766; baseline -0.003 -12"><span class='ocrx_word' id='word_1_315' title='bbox 287 2714 302 2735; x_wconf 82' lang='lat'><strong>⁴</strong></span> <span class='ocrx_word' id='word_1_316' title='bbox 323 2720 478 2754; x_wconf 82' lang='lat' dir='ltr'>Infinita</span> <span class='ocrx_word' id='word_1_317' title='bbox 499 2719 604 2754; x_wconf 88' lang='lat' dir='ltr'>enim</span> <span class='ocrx_word' id='word_1_318' title='bbox 625 2719 714 2753; x_wconf 86' lang='lat' dir='ltr'>silva</span> <span class='ocrx_word' id='word_1_319' title='bbox 735 2719 927 2766; x_wconf 86' lang='lat' dir='ltr'>quaedam</span> <span class='ocrx_word' id='word_1_320' title='bbox 949 2729 990 2752; x_wconf 85' lang='lat' dir='ltr'>ac</span> <span class='ocrx_word' id='word_1_321' title='bbox 1013 2717 1190 2751; x_wconf 89' lang='lat' dir='ltr'>materies</span> <span class='ocrx_word' id='word_1_322' title='bbox 1212 2717 1367 2751; x_wconf 86' lang='lat' dir='ltr'>Latinae</span> <span class='ocrx_word' id='word_1_323' title='bbox 1389 2716 1535 2763; x_wconf 87' lang='lat' dir='ltr'>patebit</span> <span class='ocrx_word' id='word_1_324' title='bbox 1555 2723 1594 2750; x_wconf 90' lang='lat' dir='ltr'>et</span> <span class='ocrx_word' id='word_1_325' title='bbox 1614 2727 1752 2762; x_wconf 89' lang='lat' dir='ltr'>prosae</span> <span class='ocrx_word' id='word_1_326' title='bbox 1774 2713 1958 2749; x_wconf 83' lang='lat' dir='ltr'>orationis</span> <span class='ocrx_word' id='word_1_327' title='bbox 1979 2721 2019 2748; x_wconf 90' lang='lat' dir='ltr'>et</span> 
     </span>
     <span class='ocr_line' id='line_1_36' title="bbox 207 2766 2018 2821; baseline -0.004 -13"><span class='ocrx_word' id='word_1_328' title='bbox 207 2773 335 2821; x_wconf 89' lang='lat' dir='ltr'>poesis</span> <span class='ocrx_word' id='word_1_329' title='bbox 359 2773 409 2807; x_wconf 89' lang='lat' dir='ltr'>ad</span> <span class='ocrx_word' id='word_1_330' title='bbox 434 2785 493 2807; x_wconf 89' lang='lat' dir='ltr'>res</span> <span class='ocrx_word' id='word_1_331' title='bbox 518 2772 626 2806; x_wconf 91' lang='lat' dir='ltr'>omni</span> <span class='ocrx_word' id='word_1_332' title='bbox 650 2772 690 2806; x_wconf 91' lang='lat' dir='ltr'>in</span> <span class='ocrx_word' id='word_1_333' title='bbox 713 2771 891 2806; x_wconf 90' lang='lat' dir='ltr'>America</span> <span class='ocrx_word' id='word_1_334' title='bbox 914 2779 1036 2818; x_wconf 86' lang='lat' dir='ltr'>gestas</span> <span class='ocrx_word' id='word_1_335' title='bbox 1061 2770 1278 2817; x_wconf 86' lang='lat' dir='ltr'>spectantis,</span> <span class='ocrx_word' id='word_1_336' title='bbox 1302 2770 1331 2804; x_wconf 90' lang='lat' dir='ltr'>si</span> <span class='ocrx_word' id='word_1_337' title='bbox 1357 2770 1441 2817; x_wconf 87' lang='lat' dir='ltr'>quis</span> <span class='ocrx_word' id='word_1_338' title='bbox 1465 2768 1751 2816; x_wconf 86' lang='lat' dir='ltr'>perlustraverit</span> <span class='ocrx_word' id='word_1_339' title='bbox 1773 2779 1830 2809; x_wconf 87' lang='lat' dir='ltr'>ea,</span> <span class='ocrx_word' id='word_1_340' title='bbox 1853 2779 1953 2815; x_wconf 85' lang='lat' dir='ltr'>quae</span> <span class='ocrx_word' id='word_1_341' title='bbox 1977 2766 2018 2801; x_wconf 91' lang='lat' dir='ltr'>in</span> 
     </span>
     <span class='ocr_line' id='line_1_37' title="bbox 207 2825 644 2874; baseline -0.005 -13"><span class='ocrx_word' id='word_1_342' title='bbox 207 2826 424 2874; x_wconf 87' lang='lat' dir='ltr'>appendice</span> <span class='ocrx_word' id='word_1_343' title='bbox 443 2825 644 2873; x_wconf 91' lang='lat' dir='ltr'>proposui.</span> 
     </span>
    </p>

    <p class='ocr_par' dir='ltr' id='par_1_6' title="bbox 208 2878 2017 2986">
     <span class='ocr_line' id='line_1_38' title="bbox 288 2878 2017 2932; baseline -0.003 -13"><span class='ocrx_word' id='word_1_344' title='bbox 288 2878 303 2901; x_wconf 88' lang='lat'><strong>⁵</strong></span> <span class='ocrx_word' id='word_1_345' title='bbox 328 2885 533 2932; x_wconf 84' lang='lat' dir='ltr'>Catalogus</span> <span class='ocrx_word' id='word_1_346' title='bbox 560 2884 622 2918; x_wconf 90' lang='lat' dir='ltr'>hic</span> <span class='ocrx_word' id='word_1_347' title='bbox 645 2884 712 2918; x_wconf 85' lang='lat' dir='ltr'>Die</span> <span class='ocrx_word' id='word_1_348' title='bbox 734 2883 833 2918; x_wconf 80' lang='lat' dir='ltr'>Neue</span> <span class='ocrx_word' id='word_1_349' title='bbox 860 2882 946 2916; x_wconf 79' lang='lat' dir='ltr'>Welt</span> <span class='ocrx_word' id='word_1_350' title='bbox 972 2883 1010 2916; x_wconf 88' lang='lat' dir='ltr'>in</span> <span class='ocrx_word' id='word_1_351' title='bbox 1036 2882 1102 2916; x_wconf 79' lang='lat' dir='ltr'>den</span> <span class='ocrx_word' id='word_1_352' title='bbox 1128 2882 1292 2915; x_wconf 71' lang='lat' dir='ltr'>Schcitzen</span> <span class='ocrx_word' id='word_1_353' title='bbox 1317 2882 1413 2915; x_wconf 80' lang='lat' dir='ltr'>einer</span> <span class='ocrx_word' id='word_1_354' title='bbox 1435 2881 1528 2915; x_wconf 78' lang='lat' dir='ltr'>alten</span> <span class='ocrx_word' id='word_1_355' title='bbox 1553 2879 1800 2928; x_wconf 72' lang='lat' dir='ltr'>europaeiischen</span> <span class='ocrx_word' id='word_1_356' title='bbox 1824 2878 2017 2913; x_wconf 76' lang='lat' dir='ltr'>Bibliothek</span> 
     </span>
     <span class='ocr_line' id='line_1_39' title="bbox 208 2934 1117 2986; baseline -0.004 -13"><span class='ocrx_word' id='word_1_357' title='bbox 208 2939 413 2986; x_wconf 89' lang='lat' dir='ltr'>inscriptus</span> <span class='ocrx_word' id='word_1_358' title='bbox 431 2938 548 2972; x_wconf 84' lang='lat' dir='ltr'>veniit</span> <span class='ocrx_word' id='word_1_359' title='bbox 565 2937 845 2985; x_wconf 86' lang='lat' dir='ltr'>Guelpherbyti</span> <span class='ocrx_word' id='word_1_360' title='bbox 864 2948 968 2971; x_wconf 88' lang='lat' dir='ltr'>anno</span> <span class='ocrx_word' id='word_1_361' title='bbox 990 2934 1117 2970; x_wconf 68' lang='lat'>19760.</span> 
     </span>
    </p>

    <p class='ocr_par' dir='ltr' id='par_1_7' title="bbox 209 2990 2021 3100">
     <span class='ocr_line' id='line_1_40' title="bbox 288 2990 2021 3032; baseline -0.003 0"><span class='ocrx_word' id='word_1_362' title='bbox 288 2992 304 3015; x_wconf 84' lang='lat'><strong>⁶</strong></span> <span class='ocrx_word' id='word_1_363' title='bbox 331 2997 405 3032; x_wconf 90' lang='lat' dir='ltr'>Hic</span> <span class='ocrx_word' id='word_1_364' title='bbox 433 2997 540 3032; x_wconf 91' lang='lat' dir='ltr'>cuius</span> <span class='ocrx_word' id='word_1_365' title='bbox 569 3005 627 3031; x_wconf 90' lang='lat' dir='ltr'>est</span> <span class='ocrx_word' id='word_1_366' title='bbox 655 2996 786 3031; x_wconf 87' lang='lat' dir='ltr'>titulus</span> <span class='ocrx_word' id='word_1_367' title='bbox 812 2994 1095 3030; x_wconf 79' lang='lat' dir='ltr'>Lateinamerika</span> <span class='ocrx_word' id='word_1_368' title='bbox 1125 2995 1163 3029; x_wconf 83' lang='lat' dir='ltr'>in</span> <span class='ocrx_word' id='word_1_369' title='bbox 1189 2994 1457 3029; x_wconf 81' lang='lat' dir='ltr'>Niedersachsen</span> <span class='ocrx_word' id='word_1_370' title='bbox 1485 3004 1554 3028; x_wconf 84' lang='lat' dir='ltr'>von</span> <span class='ocrx_word' id='word_1_371' title='bbox 1580 2991 1775 3028; x_wconf 83' lang='lat' dir='ltr'>Kolumbus</span> <span class='ocrx_word' id='word_1_372' title='bbox 1801 3002 1846 3026; x_wconf 84' lang='lat' dir='ltr'>zu</span> <span class='ocrx_word' id='word_1_373' title='bbox 1873 2990 2021 3026; x_wconf 74' lang='lat' dir='ltr'>Boltvar</span> 
     </span>
     <span class='ocr_line' id='line_1_41' title="bbox 209 3050 1298 3100; baseline -0.004 -13"><span class='ocrx_word' id='word_1_374' title='bbox 209 3053 401 3100; x_wconf 88' lang='lat' dir='ltr'>catalogus</span> <span class='ocrx_word' id='word_1_375' title='bbox 421 3052 523 3086; x_wconf 85' lang='lat' dir='ltr'>foras</span> <span class='ocrx_word' id='word_1_376' title='bbox 542 3060 600 3086; x_wconf 91' lang='lat' dir='ltr'>est</span> <span class='ocrx_word' id='word_1_377' title='bbox 617 3052 728 3086; x_wconf 89' lang='lat' dir='ltr'>datus</span> <span class='ocrx_word' id='word_1_378' title='bbox 748 3050 1026 3098; x_wconf 89' lang='lat' dir='ltr'>Guelpherbyti</span> <span class='ocrx_word' id='word_1_379' title='bbox 1045 3062 1150 3084; x_wconf 93' lang='lat' dir='ltr'>anno</span> <span class='ocrx_word' id='word_1_380' title='bbox 1171 3050 1298 3084; x_wconf 71' lang='lat'>19850.</span> 
     </span>
    </p>
   </div>
  </div>
 </body>
</html>
