2106 3458
232 234 322 274 618
543 242 602 274 LE
627 242 855 274 LETTERE
880 242 1151 274 FAMILIARl
1176 243 1228 274 m
1252 243 1543 275 LEONARDO
1569 243 1729 275 BRUNI

233 402 358 442 nomi
381 401 426 441 di
449 401 677 441 ambiente
698 402 985 441 ciceroniano
1007 401 1179 452 (Marco
1200 403 1401 442 Antonio
1423 416 1449 442 e
1471 402 1667 452 Clodio).
1689 402 1758 442 Ne
1781 402 1932 442 risulta
1951 415 2043 443 una

232 468 443 508 curiousa
461 467 800 521 composizione
821 466 904 507 che
927 467 1086 507 merita
1104 466 1148 507 di
1170 481 1318 508 essera
1337 460 1496 508 letta.²⁶

299 534 561 574 Assistiamo
582 547 842 587 comunque
863 534 910 573 in
930 541 1091 587 questo
1112 547 1215 573 caso
1237 534 1329 584 (ma
1349 534 1395 573 in
1415 547 1478 573 un
1498 542 1622 573 certo
1644 547 1776 574 senso
1797 534 1939 574 anche
1961 548 2042 589 per

232 600 274 640 la
298 599 455 640 lettera
479 599 537 639 ad
562 599 804 654 Ognibene
829 599 974 650 Scola)
999 599 1056 639 ad
1080 613 1143 639 un
1168 601 1304 654 tipico
1330 601 1533 654 esempio
1559 600 1603 639 di
1630 600 1733 655 quel
1758 613 1970 655 processo
1995 600 2040 641 di

233 667 481 707 astrazione
517 667 720 714 retorica‚
755 665 794 706 al
828 666 958 720 quale
992 666 1004 706 i
1042 667 1179 706 nostri
1214 667 1421 706 umanisti
1456 674 1835 707 sottomettevano
1868 666 1910 707 la
1942 666 2042 707 loro

232 732 615 788 corrispondenza
632 733 812 787 privata,
831 733 895 772 sia
911 732 1095 787 quando
1114 732 1154 773 la
1170 733 1384 773 volevano
1404 732 1594 773 rendere
1614 732 1833 788 pubblica,
1851 734 2046 774 inseren-

233 800 339 841 dola
356 801 403 840 in
421 814 485 840 un
503 799 777 855 epistolario,
797 800 860 840 sia
878 799 1061 855 quando
1081 813 1128 840 se
1148 813 1204 840 ne
1222 799 1437 840 volevano
1457 801 1619 840 servire
1638 800 1686 852 (ο
1705 801 2042 842 autorizzavano

233 867 329 908 altri
350 881 376 908 a
395 867 659 918 servirsene)
679 881 811 907 come
831 875 1082 907 strumento
1103 866 1318 907 didattico
1338 881 1364 907 e
1384 881 1516 907 come
1537 867 1735 907 modello
1755 867 1799 907 di
1820 866 1930 908 stile.
1952 868 2042 908 Essi

234 934 730 976 tendevano—secondo
759 934 800 975 la
826 934 1030 975 brillante
1058 934 1331 975 definizione
1359 934 1404 975 di
1434 935 1622 990 Giorgio
1652 934 1917 990 Pasquali-a
1943 942 2046 976 tras-

234 1004 368 1043 ferire
391 1002 432 1043 la
454 1002 553 1043 loro
577 1002 734 1042 lettera
756 1002 827 1042 dal
851 1015 992 1057 regno
1015 1002 1088 1042 del
1110 1003 1400 1057 contingente
1423 1015 1449 1042 a
1470 1002 1620 1057 quello
1642 993 1961 1043 dell‘eterno.²⁷
1983 1003 2045 1043 La

234 1070 392 1110 lettera
412 1083 438 1109 a
458 1069 764 1117 Bartolomeo‚
785 1068 912 1123 dopo
933 1082 1080 1109 essere
1102 1077 1213 1108 stata
1233 1069 1467 1123 purificata
1486 1068 1544 1108 da
1564 1077 1677 1108 tutte
1698 1068 1738 1108 le
1757 1068 1952 1109 banalita
1969 1068 2044 1109 del

234 1135 516 1190 quotidiano,
535 1136 771 1189 raggiunse
790 1134 1050 1175 finalmente
1068 1134 1097 1174 il
1114 1134 1256 1174 livello
1275 1134 1352 1189 pisi
1369 1134 1459 1174 alto
1476 1134 1841 1183 dell'astrazione,
1858 1134 2043 1189 quando

234 1202 283 1242 fu
303 1201 532 1242 eliminata
550 1200 861 1241 dall’edizione
882 1200 1112 1241 definitiva
1131 1200 1507 1255 dell’epistolan'O.

1299 1335 1530 1374 Universitci
1550 1335 1658 1374 della
1682 1334 1829 1374 Tuscia
1849 1334 2044 1386 (Viterbo)

317 2366 349 2389 ²⁶
364 2371 443 2406 Cfr.
461 2371 558 2419 Nap.
574 2371 660 2406 XIII
677 2371 711 2405 G
729 2371 788 2412 33,
806 2371 830 2405 f.
851 2372 953 2405 115v:
971 2370 1042 2404 Per
1057 2371 1128 2404 che
1144 2382 1184 2404 se
1201 2378 1413 2404 conteneva
1427 2369 1467 2404 in
1482 2381 1560 2403 una
1575 2368 1816 2403 ornatissima
1831 2376 1897 2402 tua
1911 2368 2048 2402 lettera

237 2427 309 2460 che
334 2427 561 2460 devessemo
585 2426 709 2460 levare
734 2437 835 2472 ogne
860 2437 1044 2472 speranza
1067 2425 1116 2458 de
1141 2425 1272 2471 quello
1296 2432 1504 2471 perteneva
1527 2423 1560 2457 al
1586 2423 1687 2457 facto
1710 2422 1815 2456 dellu
1839 2422 1972 2456 officio
1995 2421 2046 2456 de

237 2479 370 2514 Marco
392 2479 566 2514 Antonio
590 2479 670 2513 mio
693 2479 854 2519 fratello,
878 2490 949 2525 per
970 2478 1099 2525 quisto
1121 2478 1235 2511 breve
1258 2486 1393 2524 tempo
1416 2489 1496 2510 non
1519 2484 1662 2523 troppo
1684 2482 1992 2510 accuratamente
2012 2474 2047 2508 vi

238 2533 449 2580 respondo:
469 2533 541 2566 che
561 2532 679 2566 serria
697 2532 774 2565 ben
794 2531 895 2565 facto
913 2532 984 2565 che
1003 2531 1064 2565 vui
1084 2531 1235 2564 sossevo
1253 2531 1302 2564 ad
1320 2531 1437 2564 veder
1454 2537 1577 2563 vestre
1596 2541 1697 2563 cose.
1715 2529 1777 2563 Ad
1795 2529 1856 2562 cio
1874 2528 1946 2562 che
1965 2539 2046 2562 non

237 2586 460 2633 intervenga
479 2586 529 2620 ad
548 2585 609 2619 vui
630 2585 762 2632 quello
781 2597 802 2619 e
822 2585 1068 2619 intervenuto
1088 2584 1137 2618 ad
1158 2595 1231 2625 me;
1252 2584 1335 2624 che,
1356 2583 1551 2630 portando
1570 2583 1650 2616 bon
1671 2582 1819 2616 novella
1837 2581 1887 2615 ad
1906 2580 2047 2615 Clodio

239 2647 374 2674 nostro
394 2639 530 2681 vicino,
552 2650 614 2674 me
636 2639 724 2673 dixe
746 2650 812 2673 era
832 2638 1058 2686 impacciato
1078 2638 1118 2672 in
1140 2638 1239 2672 nella
1261 2637 1423 2672 raccolta
1443 2636 1506 2671 del
1527 2647 1659 2684 grano;
1681 2647 1751 2684 per
1772 2635 1843 2670 che
1865 2635 1988 2670 niuno
2006 2634 2048 2670 in

238 2694 367 2742 quella
384 2693 569 2728 faccenda
585 2693 625 2728 lu
644 2693 775 2741 porria
792 2704 945 2741 passare
963 2692 1013 2727 de
1031 2691 1216 2739 consiglio
1234 2703 1259 2726 o
1277 2692 1326 2725 de
1345 2690 1562 2739 prudentia.

306 2748 506 2796 Quoniam
518 2747 605 2782 unis
619 2747 693 2781 tuis
707 2746 963 2781 disertissimis
976 2746 1110 2780 litteris
1122 2746 1320 2793 legebatur
1334 2745 1444 2779 nobis
1458 2756 1541 2779 esse
1554 2756 1664 2792 spem
1677 2755 1838 2778 omnem
1850 2743 2049 2791 deponen-

238 2802 329 2836 dam
345 2802 394 2836 de
410 2813 460 2836 eo
475 2801 583 2849 quod
598 2801 647 2835 ad
664 2800 869 2848 negocium
885 2800 1124 2848 magistratus
1140 2799 1191 2834 M.
1207 2799 1365 2834 Antonii
1381 2798 1506 2833 fratris
1522 2798 1598 2833 mei
1612 2797 1748 2832 attinet
1761 2797 1872 2841 (dms
1886 2796 2046 2831 Am‘net.

238 2857 419 2906 Spectat),
440 2857 515 2891 hoc
535 2856 760 2891 brevissimo
780 2864 958 2903 tempore
980 2867 1060 2890 non
1081 2855 1192 2889 nimis
1212 2862 1386 2889 accurate
1408 2854 1641 2902 respondeo.
1662 2852 1869 2901 Optimum
1888 2859 1990 2887 esset
2009 2858 2046 2886 te

239 2911 313 2946 tuis
333 2912 449 2946 rebus
469 2911 616 2952 adesse,
637 2922 686 2944 ne
707 2910 773 2944 tibi
793 2909 939 2944 accidat
957 2909 1065 2956 quod
1085 2909 1190 2949 mihi;
1210 2908 1287 2956 qui,
1308 2920 1396 2942 cum
1415 2908 1464 2942 ad
1484 2907 1666 2942 Clodium
1684 2906 1851 2941 vicinum
1870 2913 2047 2940 nostrum

238 2966 364 3000 bonos
384 2965 542 2999 nuntios
561 2964 744 2998 afferrem
779 2963 889 3007 (dms
908 2963 1061 3003 afferre,
1080 2964 1264 3010 portare),
1284 2962 1496 3009 respondet
1513 2961 1553 2995 in
1573 2972 1696 2995 messe
1715 2972 1755 2995 se
1773 2971 1858 2994 esse
1875 2959 2050 2994 continu-

238 3031 318 3053 um.
338 3018 467 3053 Nemo
485 3018 590 3052 enim
608 3018 649 3052 in
667 3029 713 3051 ea
731 3029 771 3051 re
790 3017 951 3051 consilio
968 3024 1034 3050 aut
1051 3016 1259 3063 prudentia
1276 3015 1345 3049 sibi
1364 3027 1520 3063 preesse
1538 3022 1680 3062 posset.
1697 3013 1802 3048 Vale.

320 3071 351 3095 ²⁷
369 3077 448 3111 Cfr.
467 3076 514 3110 G.
534 3076 718 3123 Pasquali,
736 3076 850 3109 Storia
867 3075 958 3108 della
977 3074 1169 3108 tradizione
1184 3085 1203 3108 e
1218 3075 1335 3108 critica
1353 3073 1409 3107 del
1424 3079 1504 3107 testo
1522 3073 1704 3117 (Firenze,
1727 3066 1866 3115 19522),
1884 3069 1970 3105 457.
