2106 3458
130 782 322 845 Indis
347 781 779 844 Americanis
808 803 987 867 quae
1017 803 1169 843 cum
1201 781 1535 843 veteribus
1561 781 1894 843 Helvetiis

205 898 626 960 intercedere
657 897 1074 959 necessitudo
1102 897 1194 959 sit
1221 897 1367 959 visa
1396 898 1819 982 Sepulvedae

420 1014 931 1076 Bartholomaei
965 1014 1174 1075 Casai
1204 1013 1601 1075 adversario

199 1131 358 1193 novi
387 1131 567 1192 orbis
596 1132 694 1192 ad
721 1130 1083 1216 antiquum
1116 1130 1457 1216 referendi
1484 1130 1825 1216 specimen

585 1354 748 1391 KARL
774 1354 1025 1391 AUGUST
1052 1353 1435 1391 NEUHAUSEN

997 1587 1033 1642 Ι

286 1736 471 1775 uoniam
486 1736 680 1775 triennio
694 1744 811 1783 ante,
825 1735 1062 1775 auditrices
1075 1735 1393 1789 auditoresque
1408 1735 1599 1775 maxime
1614 1734 1915 1782 honorabiles,

284 1815 388 1842 cum
406 1801 726 1856 Guelpherbyti
746 1815 981 1856 supremus
999 1802 1229 1841 Societatis
1247 1800 1603 1841 Internationalis
1621 1800 1786 1841 Studiis
1803 1801 1920 1841 Neo-

113 1869 276 1908 Latinis
291 1868 592 1908 Provehendis
607 1881 871 1922 congressus
885 1868 1111 1922 agebatur,
1128 1867 1247 1907 solus
1261 1867 1474 1921 equidem
1488 1868 1743 1907 orationem
1759 1868 1916 1907 Latino

112 1933 246 1973 habui
268 1947 478 1973 sermone
499 1927 830 1987 conscriptam)
852 1947 909 1972 eo
929 1933 1107 1987 dignius
1126 1942 1194 1972 est
1212 1933 1662 1979 commemoratione,
1683 1932 1810 1986 quod
1829 1932 1916 1972 hoc

111 2000 159 2038 in
173 2007 398 2038 conventu
414 1999 561 2053 primo
576 2007 700 2038 extra
714 1999 919 2052 Europae
936 1999 1049 2038 fines
1063 2007 1110 2038 et
1122 1999 1169 2038 in
1183 1999 1416 2038 Americae
1431 1998 1616 2052 quidem
1631 1999 1916 2037 universitate

112 2065 366 2105 studiorum
392 2073 483 2105 tam
509 2064 733 2119 praeclara
757 2064 934 2119 agendo
959 2065 995 2105 is
1019 2078 1203 2119 quoque
1228 2064 1410 2119 collega,
1436 2065 1511 2119 qui
1539 2077 1612 2104 me
1637 2065 1762 2119 prior
1784 2064 1919 2104 verba

114 2132 231 2180 fecit,
257 2132 457 2172 Latinam
481 2131 677 2187 linguam
701 2140 929 2187 tamquam
953 2132 1089 2172 totius
1111 2131 1232 2172 orbis
1254 2131 1511 2172 Neo-Latini
1536 2132 1730 2186 patrium
1753 2145 1919 2172 sermo—

114 2213 219 2240 nem
245 2213 377 2240 ausus
402 2208 470 2240 est
494 2191 744 2254 usurpare?
769 2200 918 2254 Atque
943 2213 1046 2239 cum
1072 2199 1270 2239 eundem
1296 2199 1356 2239 ita
1382 2212 1501 2239 nunc
1526 2199 1758 2254 excipiam,
1785 2207 1836 2239 ut
1859 2198 1917 2239 de

113 2266 327 2307 similibus
346 2266 561 2307 disseram
580 2266 725 2315 rebus,
746 2266 916 2307 facilior
936 2266 1135 2306 redditus
1153 2275 1220 2306 est
1237 2266 1382 2306 aditus
1400 2266 1457 2306 ad
1475 2267 1788 2321 quaestionem
1808 2266 1916 2306 mihi

112 2334 327 2389 deinceps
357 2334 645 2374 tractandam.
674 2334 843 2374 Verum
873 2335 978 2389 quia
1006 2334 1254 2374 dolendum
1284 2342 1351 2374 est
1379 2333 1567 2374 alterum
1597 2333 1828 2389 collegam,
1860 2347 1917 2374 ne

114 2402 284 2457 primus
303 2401 374 2442 hic
394 2401 598 2457 prodiret
615 2394 802 2450 orator,³
821 2402 1090 2456 impeditum
1109 2415 1219 2450 esse,
1240 2401 1400 2442 claudo
1419 2415 1582 2456 agmen
1602 2415 1696 2441 non
1715 2401 1917 2456 trilogiae

113 2469 359 2516 cuiusdam,
374 2478 424 2508 ut
437 2478 533 2508 erat
547 2470 831 2523 promissum,
846 2469 926 2508 sed
938 2469 1175 2523 bipertitae
1190 2477 1363 2508 tantum
1378 2469 1585 2507 sessionis
1599 2468 1656 2508 ad
1671 2468 1919 2523 primordia

114 2536 378 2589 pertinentis
424 2535 636 2575 historiae
680 2536 972 2575 Americanae
1019 2536 1273 2575 Latinarum
1320 2534 1565 2574 litterarum
1612 2536 1918 2574 monumentis

115 2601 364 2641 mandatae.

197 2786 207 2808 ¹
230 2792 316 2825 Acta
341 2791 541 2825 Conventus
562 2791 771 2825 Neo-Latini
795 2791 1097 2839 Guelpherbytani,
1121 2803 1186 2839 pp.
1214 2790 1371 2825 117-26.
1395 2790 1544 2837 Lepido
1567 2790 1685 2824 fiebat
1707 2802 1851 2832 errore,
1875 2799 1919 2825 ut

114 2846 221 2894 quasi
236 2846 463 2880 humanistis
477 2846 725 2880 ascribendus
739 2847 916 2881 omnium
930 2847 1045 2880 etiam
1059 2846 1277 2894 aequalium
1292 2846 1395 2880 solus
1409 2845 1449 2879 in
1461 2845 1665 2879 voluminis
1678 2845 1777 2880 illius
1791 2846 1918 2880 indice

114 2900 168 2947 (p.
187 2899 278 2943 691)
295 2900 515 2934 collocaret.

195 2951 210 2974 ²
227 2958 334 2992 Haec
352 2966 410 2992 est
427 2959 551 2992 oratio
568 2959 668 2993 infra
685 2970 751 3006 pp.
770 2959 919 2994 811-22
938 2959 1033 3006 typis
1052 2959 1242 2993 mandata.

195 3010 211 3033 ³
231 3016 357 3051 Heinz
378 3017 580 3052 Hofmann
602 3018 651 3052 de
674 3017 718 3052 iis
740 3018 948 3065 praecipue
970 3018 1085 3059 libris,
1108 3018 1173 3065 qui
1198 3016 1443 3051 ‘Columbeis’
1466 3015 1738 3057 inscribuntur,
1760 3017 1918 3064 Anglice

115 3070 310 3105 dicturum
328 3083 368 3105 se
387 3071 578 3118 pollicitus
597 3083 677 3105 non
695 3071 822 3119 potuit
839 3071 915 3106 huc
933 3071 1148 3106 convenire.
