2086 3464
193 207 280 246 504
797 214 1021 246 ΤΗΟΜΑ8
1046 214 1400 247 CAMPANELLA

193 383 270 414 aut
288 374 404 414 binis
425 374 648 414 disiuncti.
671 374 825 429 Itaque
843 374 1123 414 Mostellariae
1142 374 1244 414 loco
1265 383 1342 414 aut
1361 388 1438 415 sex
1457 383 1534 414 aut
1553 383 1659 415 octo
1680 374 1785 415 clavi
1808 376 2010 416 minime-

193 455 281 495 que
303 449 517 495 quattuor
539 441 779 481 manifesto
799 441 1119 495 significantur.
1142 441 1387 481 Baronium
1407 449 1585 481 secutus
1603 441 1802 482 Thomas
1822 455 2007 497 quoque

193 507 485 561 Campanella
513 506 765 561 plautinum
794 506 945 546 locum
973 506 1098 546 illum
1128 515 1306 546 revocat
1332 521 1424 561 quo
1454 507 1723 547 sententiam
1751 521 1878 547 suam
1907 521 2011 548 con-

194 574 346 613 firmet
364 573 422 612 de
443 581 657 627 quattuor
676 572 804 612 clavis
824 572 1046 612 adhibitis.
1067 574 1126 612 At
1144 573 1389 612 Baronium
1409 581 1587 612 secutus
1605 573 1802 613 Thomas
1822 587 2007 628 quoque

193 654 219 679 a
237 653 344 680 vero
366 639 588 679 deerravit
608 653 756 694 neque
776 639 865 679 vim
886 638 1102 679 intellexit
1121 638 1305 694 plautini
1327 638 1426 679 loci.

261 707 328 747 De
345 707 450 747 vino
469 705 696 762 myrrhato
714 705 868 746 dicens
885 705 1011 761 quod
1028 705 1208 746 Christo
1226 706 1382 746 datum
1400 714 1468 746 est
1482 705 1732 747 bibendum
1750 706 1885 762 paulo
1903 715 2008 748 ante

193 788 330 829 quam
355 774 475 814 cruci
502 782 570 814 est
595 774 783 814 suffixus
810 774 1067 814 testimonia
1093 773 1308 814 nonnulla
1332 773 1389 814 de
1415 774 1519 814 vino
1545 773 1592 814 id
1616 787 1758 829 genus
1784 774 1959 829 profert
1983 788 2009 815 a

194 841 335 881 Plinio
353 855 379 881 a
393 840 596 881 Martiale
613 854 639 880 a
654 839 790 880 Paulo
807 840 1064 895 iurisperito
1081 840 1253 880 tradita.
1271 841 1403 895 Quae
1420 841 1678 880 testimonia
1692 840 1814 895 apud
1830 841 2010 881 Baroni-

193 922 271 947 um
299 908 479 947 inventa
504 908 551 947 in
578 921 705 946 suam
733 921 829 946 rem
855 907 1087 955 convertit,
1116 907 1295 946 Baronii
1324 906 1490 946 nullam
1518 907 1683 947 faciens
1711 907 2005 947 mentionem.

194 975 291 1014 Hac
315 975 363 1014 in
389 988 436 1014 re
459 974 605 1014 Persae
627 987 778 1013 versus
804 971 949 1013 87-88
975 973 1169 1028 neglexit
1192 987 1218 1013 a
1242 973 1383 1013 Plinio
1410 981 1640 1013 revocatos
1663 974 1765 1013 vina
1788 973 2007 1014 odoribus

193 1041 377 1082 condita
395 1041 656 1096 attingente:
677 1055 814 1096 quern
833 1039 958 1080 Plinii
978 1039 1128 1080 locum
1147 1039 1269 1095 apud
1286 1040 1531 1080 Baronium
1550 1041 1822 1096 exscriptum
1839 1041 2009 1081 invenit

194 1123 284 1148 una
303 1122 408 1148 cum
429 1108 698 1148 testimoniis
720 1107 899 1162 reliquis
920 1107 978 1147 de
1000 1100 1283 1162 myrrhino.¹³

1045 1241 1163 1292 §§§

192 1375 270 1415 Vir
295 1374 480 1429 quidam
505 1374 790 1414 doctissimus
814 1373 872 1414 de
898 1373 1054 1414 studiis
1079 1373 1136 1413 ad
1159 1372 1496 1428 Campanellam
1521 1373 1811 1413 attinentibus
1835 1373 2008 1428 optime

196 1443 381 1482 meritus
400 1441 508 1482 mihi
528 1441 639 1482 dixit
656 1441 765 1482 olim
781 1440 1006 1481 Thomam
1022 1440 1203 1496 Vergilii
1222 1455 1363 1496 opera
1381 1454 1540 1496 parum
1558 1440 1800 1496 leviterque
1820 1441 2008 1481 novisse:

195 1510 361 1565 pluries
391 1510 514 1549 enim
545 1523 651 1549 eum
682 1508 865 1564 eclogae
896 1509 954 1549 III
984 1508 1168 1563 Sibyllae
1197 1509 1402 1548 vaticinia
1430 1507 1488 1548 de
1518 1521 1662 1563 puero
1692 1507 1768 1548 illo
1798 1507 2007 1563 singulari

195 1577 401 1617 tribuisse
423 1590 540 1631 quae
561 1577 609 1616 in
630 1576 688 1616 IV
708 1575 864 1630 ecloga
884 1576 1094 1615 inessent.
1118 1576 1249 1630 Quae
1271 1575 1457 1615 audiens
1479 1583 1664 1629 stupore
1686 1574 1889 1629 perculsa
1909 1588 2010 1615 sum

195 1643 317 1683 haud
338 1642 570 1683 mediocri:
590 1641 827 1682 verisimile
848 1642 970 1682 enim
992 1641 1099 1682 mihi
1121 1642 1306 1682 minime
1326 1641 1558 1681 videbatur
1576 1641 1719 1681 virum
1738 1640 1863 1681 illum
1882 1641 2007 1681 omni

195 1710 505 1750 doctrinarum
539 1723 589 1749 ac
623 1709 871 1749 litterarum
905 1709 1037 1763 copia
1069 1708 1294 1748 imbutum
1327 1721 1524 1763 eumque
1560 1715 1743 1763 poetam
1777 1708 2010 1762 egregium

196 1790 356 1831 parurn
379 1776 624 1831 leviterque
645 1775 892 1830 Vergilium
917 1776 1103 1815 novisse.
1128 1775 1253 1829 Quid
1274 1789 1429 1815 verum
1452 1783 1569 1815 esset
1590 1775 1720 1815 statui
1745 1782 1842 1815 tum
1864 1774 2013 1829 exqui-

197 1858 309 1883 rere.
325 1842 644 1897 Campanellae
658 1842 873 1896 operibus
887 1851 933 1882 et
945 1842 1103 1881 Italicis
1117 1850 1162 1881 et
1176 1842 1339 1881 Latinis
1353 1841 1591 1895 diligenter
1605 1841 1908 1895 pervestigatis
1921 1840 2010 1880 hoc

195 1909 282 1948 vidi
318 1909 519 1963 mihique
554 1909 638 1947 fuit
670 1916 956 1962 compertum
990 1915 1367 1962 perspectumque
1399 1907 1623 1946 Thomam
1654 1907 1835 1961 Vergilii
1869 1919 2011 1960 opera

197 1975 397 2030 perbene
424 1975 598 2015 novisse
623 1988 821 2030 eumque
846 1974 1075 2014 adamasse
1102 1987 1195 2014 non
1220 1973 1361 2014 modo
1386 1981 1573 2028 propter
1597 1972 1866 2028 singularem
1890 1971 2010 2013 illam

197 2043 423 2097 poeticam
455 2042 711 2083 facultatem
742 2056 831 2097 qua
861 2042 1091 2097 praestitit,
1125 2055 1219 2082 non
1249 2041 1389 2082 modo
1421 2049 1608 2096 propter
1637 2041 1773 2081 animi
1805 2048 2010 2080 naturam

197 2119 331 2165 atque
350 2109 553 2150 habitum
574 2109 928 2150 misericordiam
946 2117 992 2149 et
1009 2108 1335 2149 humanitatem
1353 2122 1495 2163 usque
1515 2107 1758 2148 redolentis
1776 2107 1857 2148 sed
1874 2107 2010 2148 etiam

198 2185 385 2231 propter
422 2177 747 2216 sententiarum
785 2176 1129 2230 amplitudinem
1166 2184 1212 2215 et
1247 2176 1506 2230 gravitatem
1544 2175 1601 2215 ad
1638 2188 1707 2215 res
1744 2188 1928 2229 quoque
1965 2182 2011 2214 et

198 2243 532 2298 philosophicas
563 2251 609 2283 et
640 2243 916 2298 theologicas
947 2243 1246 2283 attinentium.
1279 2242 1526 2282 Sescenties
1557 2241 1679 2296 apud
1708 2241 1932 2281 Thomam
1964 2241 2011 2281 in

197 2310 408 2350 omnibus
438 2310 653 2365 operibus
680 2309 934 2364 Vergiliana
961 2310 1170 2349 invenias.
1202 2309 1367 2349 Erravit
1394 2308 1465 2349 ille
1494 2308 1679 2363 quidem
1708 2307 1847 2348 semel
1875 2316 2009 2362 atque

197 2378 361 2418 iterum
386 2377 496 2418 falso
522 2377 722 2417 tribuens
745 2377 802 2417 III
824 2391 975 2417 versus
998 2376 1169 2431 aliquot
1190 2376 1372 2431 eclogae
1395 2376 1464 2416 IV.
1490 2375 1656 2415 Erravit
1677 2383 1911 2430 praeterea
1933 2374 2014 2415 Da·

198 2459 385 2485 monem
409 2459 492 2500 pro
517 2444 756 2500 Daphnide
781 2458 1051 2493 memorans;
1076 2444 1236 2484 erravit
1257 2444 1303 2484 in
1326 2443 1384 2483 IV
1404 2442 1607 2498 eclogam
1631 2442 1902 2483 transferens
1922 2455 2014 2482 ver-

197 2526 297 2553 sum
313 2512 433 2552 hunc
445 2512 816 2552 Pharmaceutriae:
834 2511 1060 2552 “carmina
1072 2510 1139 2551 vel
1154 2510 1283 2551 coelo
1300 2518 1488 2565 possunt
1502 2509 1728 2550 deducere
1744 2507 1924 2550 lunam”
1939 2508 2010 2561 (cf.

195 2580 276 2619 Ecl.
299 2572 467 2630 8.69).¹⁴
488 2580 547 2619 At
566 2587 706 2619 errata
725 2577 977 2618 huiusmodi
1001 2592 1092 2618 non
1113 2585 1213 2617 sunt
1233 2577 1404 2632 plurimi
1427 2576 1635 2616 facienda.
1657 2576 1746 2630 Qui
1769 2575 2009 2616 memoriae

281 2767 309 2788 ¹³
336 2772 547 2807 Tommaso
575 2772 837 2820 Campanella,
869 2771 946 2806 Vita
975 2771 1115 2806 Christi:
1142 2771 1468 2819 Theologicorum
1497 2770 1594 2804 liber
1619 2769 1705 2804 XXI
1733 2781 1755 2804 a
1781 2781 1874 2804 cura
1900 2768 1939 2803 di
1967 2767 2010 2803 R.

197 2827 369 2869 Amerio,
389 2827 411 2863 2
432 2827 517 2861 voll.
538 2826 688 2871 (Roma:
709 2826 856 2860 Centro
876 2825 1175 2860 internazionale
1195 2825 1234 2859 di
1254 2825 1363 2859 Studi
1383 2824 1617 2866 Umanistici,
1641 2823 1841 2868 1962-63),
1861 2822 2010 2864 2:8-10;

202 2881 399 2922 1:116-20;
430 2880 588 2915 Annales
620 2880 835 2914 ecclesiastici
866 2885 1005 2914 auctore
1037 2879 1183 2913 Caesare
1211 2879 1375 2913 Baronio.
1391 2905 1398 2912 .
1414 2905 1421 2912 .
1458 2878 1506 2912 38
1537 2878 1622 2912 voll.
1655 2877 1808 2922 (Lucae:
1842 2876 1937 2924 typis
1970 2875 2009 2911 L.

197 2936 414 2977 Venturini,
443 2934 1062 2978 MDCCXXXVIII-MDCCLIX),
1094 2934 1213 2975 1:153,
1246 2933 1327 2975 152,
1359 2932 1440 2968 147.
1469 2933 1527 2967 Cf.
1556 2932 1648 2967 Plin.
1673 2931 1768 2967 N.H.
1802 2931 1923 2973 14:13,
1951 2931 2011 2972 89;

203 2990 322 3025 15:92.

282 3043 310 3065 ¹⁴
325 3048 536 3082 Tommaso
552 3047 814 3095 Campanella,
828 3046 979 3081 Articuli
991 3046 1206 3094 prophetales
1222 3058 1244 3080 a
1258 3058 1350 3080 cura
1365 3045 1403 3080 di
1421 3045 1467 3080 G.
1484 3045 1596 3079 Ernst
1610 3044 1793 3089 (Firenze
1809 3043 1862 3078 La
1877 3043 2014 3078 Nuova
