2086 3464
730 198 942 232 ANGELA
966 200 1253 233 MINICUCCI
1802 191 1891 231 505

88 356 126 396 vi
146 356 280 410 viguit
298 355 499 410 singulari
520 363 751 409 poetarum
769 368 915 396 versus
934 370 1016 396 suo
1035 357 1093 397 de
1113 370 1238 397 more
1258 356 1512 397 memoriter
1530 356 1728 410 proferre
1748 356 1897 396 solitus

89 430 166 462 est:
185 435 274 476 qua
289 422 336 462 in
355 435 402 462 re
421 422 661 462 memoriae
680 420 802 476 lapsu
819 423 973 462 erravit
990 423 1222 463 interdum.
1241 424 1301 463 At
1316 422 1424 463 haec
1442 421 1662 462 hactenus.
1682 422 1822 476 Quod
1839 422 1896 462 ad

87 488 326 543 Vergilium
345 487 465 543 apud
481 487 701 528 Thomam
720 489 873 529 attinet
890 488 970 529 alia
988 498 1089 530 sunt
1107 490 1281 530 maioris
1301 489 1527 530 momenti.

156 555 217 595 Ea
243 554 533 594 considerans
560 568 587 594 e
614 554 905 609 pythagorico
932 564 978 595 et
1005 569 1031 595 e
1059 555 1286 610 platonico
1315 556 1441 596 fonte
1469 555 1627 595 hausta
1651 555 1897 610 Vergilium

89 629 274 676 poetam
287 634 385 660 esse
398 620 675 675 platonicum
690 620 980 675 Campanella
992 622 1219 662 affirmare
1234 635 1327 662 non
1340 621 1569 662 dubitavit.
1583 621 1635 661 In
1651 621 1898 676 Theologicis

88 687 245 727 crebra
271 695 340 727 est
367 695 531 742 poetae
560 687 746 727 mentio.
776 687 895 727 Cum
923 701 981 728 eo
1008 689 1132 742 quasi
1161 702 1266 728 cum
1294 687 1511 742 theologo
1537 687 1763 728 Thomam
1790 688 1899 728 iuvit

88 753 318 795 interdum
339 753 398 795 de
422 753 554 795 rebus
576 753 841 809 theologicis
862 753 1105 809 disputare.
1128 755 1260 810 Quae
1283 767 1402 796 nunc
1424 767 1620 810 propere
1641 755 1898 810 cursimque

88 822 211 877 attigi
236 830 341 862 ante
365 821 467 862 alibi
493 821 753 876 pertractavi
780 820 972 876 plurima
995 835 1233 863 recensens
1255 835 1372 877 quae
1395 821 1518 877 apud
1541 821 1782 862 Calabrum
1807 822 1901 877 phi-

88 888 332 943 losophum
349 888 408 928 ad
422 888 670 943 Vergilium
689 888 882 928 redeunt
898 888 956 928 de
975 889 1107 929 rebus
1125 890 1410 943 potissimum
1427 881 1747 943 theologiciS.¹⁵
1766 889 1898 943 Quae

87 963 192 994 ante
214 955 366 1008 scripsi
390 955 577 994 minime
597 955 763 994 iterans
785 968 1010 1008 perpauca
1031 963 1205 995 tantum
1226 955 1468 1009 adiungam
1489 963 1624 1009 atque
1645 955 1895 995 adnectam.

88 1020 406 1075 Campanellae
431 1021 609 1074 penitus
634 1034 897 1074 persuasum
923 1021 1007 1060 fuit
1029 1022 1185 1061 omnia
1206 1022 1254 1061 in
1278 1034 1429 1061 rerum
1454 1029 1613 1060 natura
1634 1034 1769 1061 sensu
1792 1035 1901 1075 quo-

87 1086 193 1126 dam
216 1100 314 1126 esse
338 1086 552 1141 praedita.
579 1086 630 1126 In
653 1085 767 1126 libro
794 1086 1119 1141 Theologicorum
1141 1087 1242 1127 XIV
1263 1100 1421 1127 corvos
1443 1087 1505 1127 ait
1528 1086 1739 1142 peculiari
1764 1101 1898 1127 sensu

89 1154 287 1193 monitos
314 1152 510 1207 “pluvias
537 1152 825 1207 praevidere’'
852 1161 899 1193 et
922 1153 1127 1207 alcyones
1154 1153 1517 1208 tranquillitatem
1543 1154 1690 1202 maris,
1715 1154 1896 1208 Vergilii

89 1219 349 1259 recordatus
373 1220 450 1273 qui
474 1233 634 1259 corvos
657 1219 832 1259 induxit
855 1233 882 1259 e
906 1229 1035 1274 pastu
1059 1220 1238 1274 agmine
1263 1234 1429 1274 magno
1453 1219 1727 1260 decedentes
1752 1220 1898 1274 pluvia

87 1285 382 1339 impendente
400 1294 447 1325 et
462 1285 668 1339 alcyones
685 1285 902 1325 imbribus
920 1285 1228 1325 desinentibus
1246 1299 1416 1340 pennas
1433 1287 1481 1326 in
1498 1286 1629 1326 litore
1648 1286 1898 1340 pandentes

87 1351 161 1403 (cf.
189 1351 331 1406 Georg.
362 1351 591 1399 1.381-82,
616 1351 823 1402 398-99).
850 1351 901 1391 In
925 1351 1038 1391 libro
1064 1352 1123 1391 IV
1145 1365 1384 1392 corvorum
1409 1351 1575 1406 pluvias
1601 1353 1901 1407 praesentien-

88 1419 200 1459 tium
224 1418 506 1459 mentionem
527 1419 617 1459 iam
640 1418 807 1459 fecerat
826 1418 1073 1474 Vergilium
1096 1432 1191 1459 non
1212 1432 1482 1459 memorans.
1505 1419 1621 1460 Alibi
1644 1433 1829 1475 quoque
1851 1420 1899 1460 in

90 1486 337 1541 Theologicis
354 1486 626 1527 Mantuanus
644 1485 772 1526 adest
789 1500 883 1526 non
902 1495 1191 1527 memoratus.
1211 1487 1278 1527 De
1298 1500 1345 1527 re
1364 1486 1556 1527 obscura
1572 1501 1623 1527 ac
1642 1486 1895 1542 perdifficili

87 1554 310 1594 disserens
330 1553 447 1594 “hoc
466 1553 625 1608 opus,”
647 1554 721 1602 ait,
743 1553 843 1594 “hic
863 1553 1016 1594 labor’‘
1037 1554 1146 1594 illud
1163 1554 1344 1608 Vergilii
1365 1554 1439 1605 (cf.
1458 1556 1562 1594 Aen.
1583 1555 1733 1605 6.129)
1754 1555 1901 1609 profe-

88 1633 190 1659 rens
210 1619 434 1674 proverbii
455 1620 593 1659 instar
611 1612 893 1674 vulgatum.¹⁶

152 1685 407 1740 Vergiliana
419 1686 514 1725 fere
527 1686 765 1725 innumera
777 1686 824 1725 in
839 1686 1085 1740 Theologicis
1099 1687 1263 1740 passim
1275 1687 1485 1726 invenias.
1499 1686 1898 1726 Sticheomantiam

87 1752 310 1806 attingens
346 1751 651 1792 Alexandrum
688 1752 902 1792 Severum
938 1752 1111 1792 inducit
1143 1753 1330 1793 Aeneida
1366 1752 1646 1793 evolventem
1683 1753 1898 1808 quicquid

88 1819 277 1859 fortuito
299 1827 506 1859 occurrat
527 1819 748 1859 lecturum
770 1827 905 1874 atque
927 1819 1083 1859 oculos
1105 1820 1153 1860 in
1172 1833 1303 1860 versu
1324 1820 1616 1875 defigentem:
1641 1820 1719 1860 “tu
1742 1834 1898 1875 regere

87 1886 281 1940 imperio
316 1885 525 1940 populos,
560 1886 779 1934 Romane,
815 1885 1076 1926 memento’'
1112 1886 1186 1937 (cf.
1219 1888 1323 1926 Aen.
1359 1887 1522 1937 6.851):
1558 1886 1720 1941 quibus
1754 1887 1898 1927 verbis

87 1965 311 1991 summam
336 1953 524 2006 Augusti
552 1952 817 2006 dignitatem
844 1953 1203 2006 praenuntiatam
1229 1966 1326 1992 esse
1353 1954 1649 2007 percontanti.
1677 1953 1744 1993 De
1772 1953 1901 2007 “pro-

88 2017 282 2071 phetia,”
319 2027 370 2057 ut
404 2018 478 2066 ait,
514 2018 809 2058 daemoniaca
842 2027 889 2058 et
923 2018 981 2058 de
1016 2018 1215 2072 angelica
1249 2033 1386 2072 agens
1419 2019 1666 2073 Vergilium
1700 2019 1898 2058 Thomas

87 2255 203 2296 Italia,
223 2254 347 2299 1977),
363 2255 423 2296 82,
443 2257 525 2297 114,
541 2255 678 2297 87-88;
694 2256 892 2290 “Poetica”
907 2256 947 2290 in
961 2256 1027 2297 SL,
1042 2257 1129 2297 415;
1142 2257 1269 2304 Magia
1283 2268 1302 2291 e
1311 2257 1445 2304 grazia:
1460 2256 1786 2304 Theologicorum
1802 2257 1899 2291 liber

85 2309 172 2342 XIV
193 2321 215 2342 a
235 2321 327 2343 cura
349 2309 387 2343 di
410 2309 453 2343 R.
474 2309 636 2343 Amerio
657 2309 807 2352 (Roma:
829 2310 977 2343 Centro
998 2310 1297 2344 internazionale
1319 2310 1358 2344 di
1381 2310 1490 2344 Studi
1511 2310 1747 2351 Umanistici,
1774 2309 1898 2353 1957),

170 2415 199 2437 ¹⁵
219 2420 430 2455 Tommaso
451 2421 713 2468 Campanella,
733 2421 788 2455 La
799 2421 961 2468 filososza
982 2421 1042 2455 che
1062 2422 1076 2455 i
1093 2422 1187 2456 sensi
1206 2422 1239 2456 ci
1258 2422 1430 2456 additam
1450 2430 1475 2443 =
1494 2421 1721 2469 Philosophia
1740 2422 1898 2456 sensibus

86 2475 332 2517 demonstrata,
353 2483 468 2510 trans.
489 2475 596 2524 Luigi
616 2475 674 2511 De
695 2475 839 2511 Franco
858 2476 1026 2524 (Napoliz
1047 2476 1217 2511 Libreria
1234 2476 1450 2511 Scientifica
1468 2476 1644 2519 Editrice‚
1668 2475 1792 2521 1974),
1816 2475 1898 2518 175,

87 2529 162 2564 809
179 2529 421 2577 (Philosophia
440 2556 448 2564 .
463 2557 472 2564 .
486 2557 495 2564 .
513 2529 640 2564 Italice
658 2530 809 2565 reddita
826 2530 920 2565 mihi
937 2542 1016 2565 una
1032 2538 1188 2578 praesto
1205 2531 1304 2574 fuit);
1321 2531 1469 2578 Angela
1485 2530 1699 2572 Minicucci,
1717 2530 1898 2578 “Virgilio

88 2585 301 2632 nell’opera
320 2585 359 2619 di
379 2584 590 2619 Tommaso
610 2585 883 2633 Campanella”
904 2585 944 2620 in
962 2586 1037 2620 Aui
1056 2586 1119 2620 del
1140 2586 1353 2633 Convegno
1371 2586 1569 2633 virgiliano
1588 2586 1627 2620 di
1649 2585 1814 2621 Brindisi
1835 2587 1898 2620 nel

87 2638 345 2672 bimillenario
366 2639 467 2673 della
490 2646 628 2673 morte.
651 2638 816 2673 Brindisi
842 2639 964 2674 15-18
986 2640 1140 2674 ottobre
1166 2639 1259 2674 1981
1285 2639 1471 2686 (Perugiaz
1494 2639 1646 2673 Istituto
1667 2639 1706 2673 di
1730 2639 1898 2687 filologia

87 2691 204 2726 latina
224 2691 540 2734 dell’Universita‚
566 2692 691 2737 1983);
713 2692 794 2727 “De
814 2692 984 2740 Vergilio
1004 2693 1110 2741 apud
1129 2693 1321 2728 Thomam
1343 2693 1657 2740 Campanellam”
1679 2693 1719 2727 in
1738 2694 1813 2727 Atti
1834 2694 1896 2728 del

87 2746 300 2794 Convegno
321 2747 518 2781 nazionale
539 2747 579 2781 di
599 2748 730 2782 studio
750 2759 795 2781 su
814 2747 983 2795 Virgilio.
1003 2748 1150 2782 Torino
1174 2748 1244 2783 1-2
1266 2748 1416 2795 maggio
1440 2747 1536 2783 1982
1556 2747 1730 2791 (Torinoz
1751 2748 1896 2782 CELID

88 2800 265 2842 Editrice,
287 2800 411 2844 1984).

170 2852 200 2875 ¹⁶
216 2859 428 2894 Tommaso
446 2859 708 2908 Campanella,
725 2860 853 2908 Magia
871 2871 890 2895 e
903 2861 1026 2908 grazia
1045 2861 1117 2902 cit„
1138 2861 1198 2902 80;
1216 2860 1269 2895 De
1285 2860 1435 2894 homine:
1454 2859 1781 2907 Theologicorum
1801 2861 1898 2895 liber

88 2912 139 2947 IV
159 2925 182 2947 a
204 2925 296 2947 cura
318 2914 358 2948 di
381 2913 425 2948 R.
448 2914 620 2955 Amerio,
643 2914 667 2949 2
689 2914 775 2948 voll.
798 2914 949 2958 (Roma:
973 2914 1121 2949 Centro
1142 2914 1442 2949 internan'onale
1466 2914 1505 2947 di
1528 2913 1637 2948 studi
1662 2913 1897 2955 Umanistici,

91 2966 216 3009 1961),
236 2966 297 3007 82;
314 2966 384 3000 Dio
401 2977 420 3000 e
437 2967 473 3000 la
488 2967 798 3013 predatinazicme:
815 2967 1142 3014 Theologicorum
1160 2968 1258 3001 liber
1276 2967 1291 3001 I
1310 2979 1332 3000 a
1350 2978 1442 3000 cura
1459 2967 1498 3000 di
1518 2966 1561 3000 R.
1579 2967 1751 3007 Amerio,
1770 2967 1794 3001 2
1813 2968 1898 3000 voll.

87 3019 271 3062 (Firenze2
289 3021 334 3054 A.
351 3020 543 3054 Vallecchi
561 3021 724 3061 editore,
746 3021 854 3061 1949,
876 3021 1000 3064 1951),
1019 3020 1117 3056 2:76.
