2106 3458
255 755 656 840 Antiquitas
683 756 1051 840 Superata:
1079 756 1162 817 In
1193 755 1522 817 carminis
1550 756 1728 841 epici

92 887 401 950 Ubertini
434 888 787 949 Carrarae
817 883 1313 968 (1642-1716),
1350 887 1546 950 cuius
1572 887 1779 950 index
1808 896 1907 950 est

77 1020 501 1099 Columbus
538 1021 786 1083 librum
814 1029 1071 1083 sextum
1102 1022 1599 1084 observationes
1624 1024 1913 1084 selectae

671 1245 986 1283 HERMANN
1015 1246 1313 1283 WIEGAND

87 1465 363 1615 Multi
386 1508 513 1548 fixere
534 1516 698 1563 poetae
719 1516 766 1548 et
784 1508 877 1548 Itali
899 1517 946 1548 et
966 1509 1204 1563 peregrini,
1226 1509 1301 1563 qui
1323 1508 1594 1549 carminibus
1614 1508 1807 1549 heroicis
1829 1523 1898 1549 res

283 1583 429 1630 gestas
458 1574 774 1630 Christophori
804 1574 918 1615 illius
947 1575 1158 1615 Columbi
1189 1575 1479 1624 celebrarent,
1509 1575 1635 1631 quod
1662 1577 1898 1616 Americae

90 1656 227 1697 quam
245 1650 407 1682 vooent
424 1643 632 1682 inventor
650 1635 798 1682 esset.¹
820 1643 941 1682 Inter
959 1656 1074 1697 quos
1092 1651 1245 1683 extant
1262 1651 1309 1683 et
1326 1642 1498 1698 aliquot
1514 1652 1721 1683 auctores
1740 1644 1896 1692 Latini,

90 1723 287 1764 quorum
309 1709 512 1764 plerique
532 1710 715 1764 vestigia
733 1709 913 1764 Vergilii
936 1710 1099 1750 summi
1122 1718 1285 1765 poetae
1306 1710 1530 1751 subsecuti
1552 1710 1829 1751 Columbum
1850 1720 1900 1751 ut

90 1776 281 1816 alterum
307 1777 495 1816 Aenean
522 1776 580 1816 ad
606 1776 754 1816 sidera
780 1775 954 1816 tollunt.
984 1776 1273 1831 Quamquam
1302 1777 1489 1817 fortasse
1517 1791 1897 1832 supervacaneum

90 1856 188 1882 esse
206 1842 383 1882 videtur
402 1856 563 1882 eorum
584 1843 747 1882 seriem
768 1843 973 1890 reddere,
994 1852 1146 1883 tamen
1166 1844 1340 1891 faciam,
1360 1852 1411 1883 ut
1429 1852 1656 1898 appareat,
1676 1852 1897 1898 quatenus

91 1909 306 1949 Carrarae
332 1922 515 1949 carmen
540 1922 644 1949 cum
669 1922 831 1949 eorum
857 1909 1127 1950 carminibus
1152 1909 1393 1950 cohaereat
1417 1910 1580 1965 quidve
1606 1911 1708 1950 novi
1735 1910 1793 1951 ad
1818 1910 1901 1951 his-

92 1976 255 2017 toriam
271 1975 483 2017 Columbi
503 1977 728 2031 poeticam
745 1976 946 2017 Latinam
964 1977 1135 2017 afferat.
1154 1977 1221 2018 De
1239 1977 1480 2018 Laurentio
1498 1977 1734 2027 Gambara,
1752 1978 1843 2033 qui,
1862 1978 1897 2018 si

92 2052 267 2098 partem
283 2043 380 2083 libn·
399 2044 516 2083 tertii
532 2044 755 2098 Syphilidis
770 2044 1026 2084 Fracastorii
1044 2037 1271 2099 excipias‚²
1288 2045 1458 2099 primus
1474 2044 1557 2084 hac
1572 2046 1642 2084 via
1656 2059 1706 2085 ac
1724 2046 1898 2085 ratione

91 2122 197 2148 usus
216 2118 296 2157 est,
318 2118 422 2163 post
440 2110 721 2149 Genofevam
741 2103 1012 2149 Demerson³
1032 2110 1300 2149 disserturus
1319 2119 1387 2150 est
1406 2111 1629 2150 Henricus
1648 2111 1897 2150 Hofmann.

173 2273 185 2295 ¹
212 2277 270 2312 De
296 2278 456 2312 historia
480 2278 632 2326 poeu'oe
657 2278 928 2326 Christophori
954 2278 1135 2313 Columbi
1160 2279 1427 2313 disseruerunt
1451 2279 1475 2313 i.
1501 2291 1534 2314 a.
1559 2279 1626 2314 viri
1652 2279 1756 2314 docti
1783 2279 1899 2314 Carlo

91 2331 253 2374 Steiner,
270 2331 456 2380 Cristosoro
473 2332 642 2367 Columbo
657 2331 750 2366 nella
762 2332 882 2381 pooeia
897 2332 994 2381 epica
1008 2332 1166 2367 Italiam
1182 2332 1231 2378 (V
1232 2333 1387 2382 egilem,
1407 2333 1531 2378 1891);
1546 2333 1720 2368 Antonio
1737 2333 1898 2375 Belloni,

92 2387 154 2423 Gli
174 2388 317 2437 epigoni
337 2387 428 2423 della
453 2388 710 2423 Gmasalemme
731 2387 883 2423 liberata.
911 2388 987 2423 Con
1010 2389 1078 2423 un'
1097 2388 1288 2438 appendice
1309 2389 1546 2438 bibliografica
1569 2389 1746 2434 (Padova,
1773 2389 1898 2434 1893);

91 2442 243 2477 Marcos
262 2443 308 2478 A.
329 2442 521 2491 Moringo,
541 2443 700 2477 America
720 2453 764 2477 en
782 2442 815 2477 el
833 2448 939 2478 teatro
957 2443 1000 2478 de
1016 2443 1112 2492 Lope
1130 2444 1173 2478 de
1194 2443 1283 2492 Vega
1304 2443 1476 2488 (Buenos
1496 2444 1618 2486 Aires,
1642 2444 1767 2489 1946);
1788 2444 1900 2479 Ernst

91 2497 247 2540 wetzel,
268 2498 341 2533 Der
359 2498 661 2546 KolumbusStoff
676 2498 723 2533 im
746 2498 929 2533 deutschen
953 2499 1176 2534 Geistesleben
1199 2499 1373 2544 (Breslau
1399 2499 1524 2544 1935);
1548 2499 1683 2534 confer
1706 2500 1834 2535 etiam:
1859 2500 1897 2535 E.

92 2552 193 2587 Ceva
217 2552 336 2594 Valle,
364 2552 619 2594 “Columb0,’'
645 2552 686 2587 in
710 2552 918 2587 Dizionario
944 2553 1112 2588 Ιεειεηινὶο
1138 2553 1225 2588 delle
1249 2558 1347 2601 opere
1371 2564 1390 2588 e
1413 2553 1470 2588 dei
1491 2554 1700 2602 personaggi
1724 2554 1898 2598 (Milano,

96 2607 220 2651 1950),
243 2607 363 2649 1:30&
382 2607 574 2642 Elisabeth
593 2607 758 2649 FrenzeI,
778 2607 1041 2643 “Kolumbus’·
1059 2609 1100 2643 in
1118 2609 1294 2643 eiusdem
1311 2609 1415 2656 Stoffe
1431 2609 1493 2643 der
1510 2608 1757 2643 Weltliteratur
1771 2609 1901 2653 (Stutt-

91 2668 185 2708 gart,
215 2659 340 2705 1976),
365 2660 529 2702 416-213
555 2660 798 2695 “Columbo’'
823 2661 863 2696 in
890 2661 1033 2696 Grande
1055 2662 1263 2696 Dizionario
1287 2661 1546 2710 Enciclopedioo
1574 2662 1703 2697 UTET
1723 2662 1897 2707 (Torino,

96 2714 220 2759 1967),
239 2715 363 2757 5ε108ς
382 2715 623 2750 “Colombo”
640 2715 681 2749 in
697 2715 940 2764 Encidopedia
956 2716 1114 2750 Italiam
1131 2717 1275 2761 (1950),
1298 2716 1443 2758 10:811;
1460 2717 1507 2751 G.
1526 2717 1695 2758 Bianchi,
1713 2717 1899 2765 Cn‘swsom

93 2768 257 2802 Colonibo
275 2768 369 2802 nella
384 2768 505 2815 poesia
525 2768 685 2809 italiana,
706 2768 808 2802 Parte
821 2769 981 2816 primem,
1002 2769 1123 2803 Poesia
1141 2770 1238 2817 epica
1257 2769 1449 2813 (Venezia,
1472 2769 1585 2813 1892)
1603 2770 1738 2817 (quem
1756 2770 1899 2804 libmm

93 2833 174 2856 non
186 2822 290 2865 vidi).
305 2822 365 2856 Cf.
380 2822 496 2855 etiam
512 2822 740 2862 “Colombo,
754 2822 994 2857 Cristoforo”
1009 2824 1049 2857 in
1061 2823 1269 2857 Dizionario
1283 2823 1468 2870 biogmfico
1481 2823 1573 2870 degli
1583 2823 1734 2857 [talioni
1746 2824 1897 2867 (Roma,

172 2926 189 2950 ²
209 2932 309 2967 Usus
331 2944 419 2967 sum
440 2932 625 2966 editione:
648 2932 829 2967 Gimlamo
847 2933 1054 2975 chastom,
1078 2933 1301 2982 Lehrgediclu
1321 2933 1407 2968 iiber
1423 2933 1481 2968 die
1499 2933 1660 2981 Syffiilis,
1682 2934 1745 2968 ed.
1766 2934 1900 2982 Georg

92 2986 250 3022 Wohrle
268 2987 487 3035 (Bamberg,
508 2986 617 3028 198&
633 2987 791 3022 =Gratia
810 2988 883 3033 18),
901 2988 937 3023 3.
954 2989 1062 3025 v.102
1080 3001 1163 3037 sqq.

172 3039 188 3062 ³
218 3045 436 3081 Genevieve
468 3046 697 3087 Demersom
729 3046 805 3081 “La
835 3048 1018 3082 tradition
1048 3048 1206 3096 antique
1237 3048 1332 3082 dans
1364 3048 1400 3082 la
1430 3046 1623 3095 premiere
1654 3047 1808 3095 epopee
1839 3060 1899 3082 co-
