2106 3458
227 188 317 228 818
822 197 1148 241 ANTIQUITAS
1172 198 1440 231 SUPERATA

228 354 396 395 Eadem
427 355 523 395 fere
552 363 818 410 argumenta
846 356 1021 410 profert
1048 356 1318 406 Fernandus,
1348 371 1452 397 cum
1482 357 1595 398 libro
1623 359 1783 399 XIImo
1813 359 1871 400 de
1901 361 2036 415 patris

227 429 394 461 conatu
415 414 617 462 narrat.²³

294 488 387 528 Iam
419 487 658 528 relationes
688 488 849 529 saeculi
880 488 1043 529 decimi
1074 490 1198 539 sexti,
1228 490 1389 545 quibus
1419 491 1606 532 Carrara
1634 506 1740 532 usus
1769 501 1849 542 est,
1880 502 2035 534 nautas

227 563 385 594 contra
399 554 564 595 ducem
581 556 924 595 murmuravisse
940 570 1186 597 narravere.
1203 557 1459 598 Fernandus
1475 558 1724 599 Columbus
1738 560 1786 599 in
1799 560 1887 600 vita
1901 561 2036 615 patris

227 629 384 661 auctor
411 629 479 661 est
505 635 585 661 eos
612 630 787 676 patrem
814 622 861 662 in
888 636 1011 662 mare
1039 624 1332 678 praecipitare
1357 617 1602 664 voluisse.²‘¹
1629 625 1906 666 Columbum
1932 640 2036 667 cum

227 689 290 728 eis
322 695 504 743 pactum
534 702 631 728 esse
664 696 900 737 memorat,
930 697 993 738 ut,
1026 690 1107 730 nisi
1140 697 1258 730 terra
1286 691 1402 731 intra
1431 690 1631 732 triduum
1661 700 1911 747 appareret,
1941 693 2038 734 vela

228 762 402 795 mutare
419 754 562 796 vellet.
582 755 735 810 Quam
754 769 850 796 rem
868 763 914 796 et
931 756 1133 797 nonnulli
1153 765 1317 811 poetae
1335 757 1586 812 perhibent.
1605 758 1695 799 Sed
1712 758 1914 814 plerique
1932 759 2036 801 alias

227 822 425 862 afferunt
438 835 605 871 causas,
620 821 782 877 quibus
797 823 907 863 moti
924 831 1086 863 nautae
1100 823 1371 864 seditionem
1385 824 1689 865 conflaverint:
1702 825 1840 880 Apud
1852 826 2039 867 Fernan-

227 888 337 928 dum
373 888 650 928 Columbum
687 897 848 928 nautae
883 889 1047 929 ducem
1083 891 1371 944 peregrinum
1406 892 1636 931 sententiis
1671 891 2036 933 doctissimorum

227 955 435 995 omnium
464 963 685 995 terrarum
715 955 985 1010 scriptorum
1014 964 1356 1011 repugnantem,
1385 956 1595 1006 oderunt,
1625 957 1747 1013 apud
1775 958 2036 999 Benzonem

228 1029 390 1062 nautae
408 1021 724 1062 Columbo—id
741 1021 868 1077 quod
884 1030 1041 1062 auctor
1058 1022 1189 1063 Italus
1207 1037 1340 1078 aegre
1358 1024 1534 1064 fert—ut
1549 1025 1786 1079 impostori
1804 1025 2034 1066 Genuensi

228 1081 555 1129 maledicunt.²⁵
581 1089 821 1129 Poetarum
844 1103 976 1130 voces
1000 1090 1207 1130 omnium
1230 1091 1394 1131 afferre
1419 1105 1514 1131 non
1537 1105 1735 1147 possum.
1759 1093 1953 1133 Ascanio
1976 1092 2036 1133 illi

227 1156 349 1212 apud
376 1156 555 1197 Stellam
583 1164 816 1198 auctorem
843 1156 1048 1198 diabolus
1077 1166 1246 1198 mutata
1273 1159 1420 1199 forma
1446 1159 1682 1214 penuriam
1709 1159 1844 1215 longa
1870 1161 2040 1216 naviga-

227 1224 352 1264 tione
398 1224 716 1278 perferendam
760 1238 1019 1279 cassamque
1064 1239 1192 1280 spem
1237 1225 1405 1266 reditus
1449 1226 1778 1281 perfidiamque
1822 1227 2036 1282 Ligurum

228 1283 424 1330 notam²⁶
443 1291 672 1345 proponit.
690 1291 912 1331 Vincentii
932 1291 1086 1332 Placcii
1106 1293 1250 1332 nautis
1269 1292 1474 1332 nobilitas
1491 1294 1668 1347 generis
1685 1294 1888 1348 ipsorum
1905 1308 2038 1334 causa

226 1365 295 1397 est
329 1357 562 1397 seditionis
598 1365 756 1397 contra
790 1357 1036 1412 ignobilem
1073 1359 1191 1398 navis
1228 1367 1484 1413 praetorem
1520 1351 1835 1408 excitandae,²⁷
1870 1360 2035 1401 Micklii

225 1423 343 1463 viros
364 1431 607 1478 tempestas
628 1424 760 1464 maris
779 1423 1032 1479 Vergiliana
1052 1433 1176 1465 metu
1195 1424 1353 1480 implet
1374 1418 1624 1466 maximo.²⁸

292 1492 573 1546 Argumenta
585 1491 729 1531 Alvari
745 1491 867 1546 apud
880 1492 1115 1532 Carraram
1129 1492 1309 1532 aliunde
1323 1501 1574 1542 sumuntur,
1589 1494 1900 1548 antiquitatem
1914 1495 2037 1535 enim

227 1557 447 1598 redolent.
469 1558 594 1598 Mare
615 1557 874 1598 hominibus
893 1559 1079 1599 vetitum
1099 1573 1196 1599 esse
1217 1573 1267 1599 ac
1287 1573 1461 1599 sacrum
1481 1559 1659 1614 plurimi
1681 1569 1844 1614 poetae
1863 1569 2035 1601 veteres

227 1637 491 1678 persuasum
515 1624 782 1664 habuerunt.
807 1625 1092 1678 Supersedeo
1117 1624 1240 1665 locos
1265 1625 1462 1680 singulos
1485 1626 1662 1666 afferre.
1685 1627 1810 1666 Titus
1834 1627 2040 1681 Heyden-

227 1689 349 1730 reich
372 1690 419 1730 in
442 1689 570 1739 libro,
594 1691 664 1730 cui
690 1690 841 1730 titulus
864 1699 932 1731 est
955 1690 1079 1731 “Lob
1101 1691 1195 1731 und
1217 1691 1355 1732 Tadel
1378 1691 1460 1732 der
1481 1685 1753 1732 Seefahrt’'²⁹
1777 1692 1969 1744 (Laudes
1991 1701 2038 1733 et

225 1757 591 1812 Vituperationes
606 1757 872 1812 Navigandi)
890 1771 1050 1798 omnes
1068 1758 1162 1798 fere
1179 1758 1303 1798 locos
1320 1758 1378 1798 ad
1395 1772 1490 1799 rem
1507 1760 1783 1814 pertinentes
1800 1768 2037 1800 auctorum

225 1832 429 1865 veterum
465 1838 718 1880 eorumque
754 1825 1028 1866 imitationes
1063 1826 1111 1866 in
1146 1825 1314 1875 litteris,
1351 1840 1460 1881 quas
1495 1826 1761 1867 Romanicas
1796 1826 2035 1882 appellant,

226 1884 460 1946 collegit.³⁰
487 1892 757 1932 Notissimus
785 1900 853 1932 est
879 1891 1003 1933 locus
1030 1892 1102 1933 ille
1130 1893 1305 1933 Horatii
1334 1894 1382 1934 in
1408 1893 1726 1949 Propemptico
1752 1893 1950 1949 Vergilio
1978 1894 2040 1935 di—

226 1967 341 1999 cato:

730 2059 1017 2114 Nequiquam
1038 2059 1149 2100 deus
1170 2060 1357 2100 abscidit

799 2126 997 2182 prudens
1018 2127 1206 2167 Oceano
1227 2127 1492 2168 dissociabili

732 2202 883 2243 terras,
905 2194 939 2234 si
962 2202 1114 2234 tamen
1133 2195 1298 2249 impiae

799 2275 893 2301 non
914 2261 1139 2316 tangenda
1159 2270 1273 2302 rates
1295 2261 1566 2302 transsiliunt
1584 2261 1706 2302 vada.

307 2503 338 2526 ²³
356 2508 433 2557 Op.
452 2508 525 2551 cit„
544 2521 581 2557 p.
600 2509 763 2551 260-61,
781 2521 813 2544 V.
832 2509 1020 2546 588-652.

307 2563 338 2586 ²⁴
354 2568 413 2604 Cf.
433 2568 511 2604 Vita
527 2569 566 2604 di
582 2569 768 2617 Cristoforo
785 2569 956 2612 Colombo,
974 2569 1131 2605 deser-itta
1147 2570 1194 2605 da
1208 2570 1401 2613 Fernando,
1417 2570 1607 2619 suostglio,
1624 2571 1791 2605 tradotta
1807 2571 1857 2605 da
1870 2570 2035 2606 Alfonso

226 2624 348 2666 Ulloa,
367 2624 491 2659 NuOV.
510 2625 572 2659 ed.
591 2624 774 2669 (Londra,
797 2623 921 2670 1867),
940 2623 999 2660 67.

306 2677 338 2699 ²⁵
355 2684 415 2717 Cf.
433 2684 478 2718 A.
501 2684 557 2725 ll,
576 2696 640 2731 op.
659 2684 732 2725 cit„
751 2684 811 2719 26.

306 2735 338 2758 ²⁶
355 2742 415 2776 Cf.
433 2742 478 2776 A.
498 2740 532 2783 7,
551 2754 615 2789 op.
634 2742 707 2784 cit.,
725 2742 755 2776 B
774 2742 811 2776 3¹
827 2754 883 2789 sq.

306 2792 338 2816 ²⁷
355 2800 414 2834 Cf.
433 2801 478 2834 A.
497 2800 532 2841 9,
551 2801 613 2834 ed.
631 2801 839 2842 definitiva,
857 2813 921 2848 op.
940 2801 1012 2842 cit.‚
1031 2799 1080 2835 37
1098 2813 1153 2848 sq.

306 2852 338 2875 ²⁸
355 2859 415 2893 Cf.
433 2859 478 2893 A.
500 2859 557 2901 14,
576 2871 640 2907 op.
659 2859 732 2901 cit„
754 2860 786 2901 1,
803 2871 835 2894 v.
854 2859 928 2894 446
947 2871 1028 2907 sqq.

306 2911 338 2934 ²⁹
352 2918 460 2953 Titus
475 2918 759 2966 Heydenreich,
772 2918 847 2953 Lol>
862 2918 940 2953 und
956 2918 1065 2953 Tadel
1076 2918 1138 2953 der
1148 2919 1306 2967 Seesahrt,
1323 2919 1397 2954 Das
1410 2919 1607 2954 Nachleben
1620 2919 1712 2954 eines
1726 2919 1871 2954 antiken
1889 2918 2036 2954 Themas

226 2972 265 3006 in
283 2972 351 3006 den
368 2972 611 3006 romanischen
627 2972 847 3007 Literaturen
865 2972 1129 3019 (Heidelberg,
1152 2971 1275 3017 1970).

306 3025 338 3047 ³⁰
355 3032 433 3080 Op.
452 3032 512 3066 cit.
531 3033 592 3077 (A.
611 3032 687 3077 29),
710 3033 843 3067 15-48.
861 3032 952 3067 Νοη
971 3032 1146 3066 nominat
1163 3033 1375 3067 Carraram.
