<?xml version="1.0" encoding="UTF-8"?>
<!DOCTYPE html PUBLIC "-//W3C//DTD XHTML 1.0 Transitional//EN"
    "http://www.w3.org/TR/xhtml1/DTD/xhtml1-transitional.dtd">
<html xmlns="http://www.w3.org/1999/xhtml" xml:lang="en" lang="en">
 <head>
  <title>
</title>
<meta http-equiv="Content-Type" content="text/html;charset=utf-8" />
  <meta name='ocr-system' content='tesseract 3.04.00' />
  <meta name='ocr-capabilities' content='ocr_page ocr_carea ocr_par ocr_line ocrx_word'/>
</head>
<body>
  <div class='ocr_page' id='page_1' title='image "./toronactaconvent00inteuoft_0839.png"; bbox 0 0 2106 3458; ppageno 0'>
   <div class='ocr_carea' id='block_1_1' title="bbox 722 206 1889 247">
    <p class='ocr_par' dir='ltr' id='par_1_1' title="bbox 722 206 1889 247">
     <span class='ocr_line' id='line_1_1' title="bbox 722 206 1889 247; baseline 0 -1"><span class='ocrx_word' id='word_1_1' title='bbox 722 214 985 247; x_wconf 84' lang='lat' dir='ltr'><strong>HERMANN</strong></span> <span class='ocrx_word' id='word_1_2' title='bbox 1009 214 1258 246; x_wconf 87' lang='lat' dir='ltr'><strong>WIEGAND</strong></span> <span class='ocrx_word' id='word_1_3' title='bbox 1801 206 1889 246; x_wconf 77' lang='grc'><strong>815</strong></span> 
     </span>
    </p>
   </div>
   <div class='ocr_carea' id='block_1_2' title="bbox 87 364 1901 2426">
    <p class='ocr_par' dir='ltr' id='par_1_2' title="bbox 87 364 1897 960">
     <span class='ocr_line' id='line_1_2' title="bbox 88 364 1895 426; baseline -0.001 -13"><span class='ocrx_word' id='word_1_4' title='bbox 88 374 156 421; x_wconf 90' lang='lat' dir='ltr'><strong>sit,</strong></span> <span class='ocrx_word' id='word_1_5' title='bbox 183 386 278 413; x_wconf 89' lang='lat' dir='ltr'><strong>non</strong></span> <span class='ocrx_word' id='word_1_6' title='bbox 302 386 430 412; x_wconf 89' lang='lat' dir='ltr'><strong>more</strong></span> <span class='ocrx_word' id='word_1_7' title='bbox 454 371 530 412; x_wconf 91' lang='lat' dir='ltr'><strong>illo</strong></span> <span class='ocrx_word' id='word_1_8' title='bbox 556 364 790 411; x_wconf 90' lang='lat' dir='ltr'><strong>Platonis¹⁰</strong></span> <span class='ocrx_word' id='word_1_9' title='bbox 814 372 1035 412; x_wconf 92' lang='lat' dir='ltr'><strong>civitatem</strong></span> <span class='ocrx_word' id='word_1_10' title='bbox 1059 371 1230 426; x_wconf 84' lang='lat' dir='ltr'><strong>leg-ibus</strong></span> <span class='ocrx_word' id='word_1_11' title='bbox 1254 385 1305 411; x_wconf 90' lang='lat' dir='ltr'><strong>ac</strong></span> <span class='ocrx_word' id='word_1_12' title='bbox 1328 371 1539 411; x_wconf 87' lang='lat' dir='ltr'><strong>institutis</strong></span> <span class='ocrx_word' id='word_1_13' title='bbox 1563 371 1666 411; x_wconf 88' lang='lat' dir='ltr'><strong>satis</strong></span> <span class='ocrx_word' id='word_1_14' title='bbox 1689 380 1895 411; x_wconf 90' lang='lat' dir='ltr'><strong>ornatam</strong></span> 
     </span>
     <span class='ocr_line' id='line_1_3' title="bbox 89 436 1896 493; baseline -0.002 -14"><span class='ocrx_word' id='word_1_15' title='bbox 89 439 225 493; x_wconf 87' lang='lat' dir='ltr'>fingit,</span> <span class='ocrx_word' id='word_1_16' title='bbox 246 438 325 478; x_wconf 91' lang='lat' dir='ltr'><strong>sed</strong></span> <span class='ocrx_word' id='word_1_17' title='bbox 346 437 502 478; x_wconf 92' lang='lat' dir='ltr'><strong>rudem</strong></span> <span class='ocrx_word' id='word_1_18' title='bbox 522 446 568 477; x_wconf 92' lang='lat' dir='ltr'><strong>et</strong></span> <span class='ocrx_word' id='word_1_19' title='bbox 586 437 730 477; x_wconf 92' lang='lat' dir='ltr'><strong>omnis</strong></span> <span class='ocrx_word' id='word_1_20' title='bbox 751 437 842 477; x_wconf 87' lang='lat' dir='ltr'><strong>fere</strong></span> <span class='ocrx_word' id='word_1_21' title='bbox 863 437 1000 477; x_wconf 91' lang='lat' dir='ltr'><strong>cultus</strong></span> <span class='ocrx_word' id='word_1_22' title='bbox 1020 445 1238 492; x_wconf 82' lang='lat' dir='ltr'><strong>egentem,</strong></span> <span class='ocrx_word' id='word_1_23' title='bbox 1258 450 1371 492; x_wconf 90' lang='lat' dir='ltr'><strong>quae</strong></span> <span class='ocrx_word' id='word_1_24' title='bbox 1392 450 1538 477; x_wconf 90' lang='lat' dir='ltr'><strong>mores</strong></span> <span class='ocrx_word' id='word_1_25' title='bbox 1558 436 1826 477; x_wconf 74' lang='lat' dir='ltr'><strong>Christianos</strong></span> <span class='ocrx_word' id='word_1_26' title='bbox 1847 451 1896 477; x_wconf 91' lang='lat' dir='ltr'><strong>ac</strong></span> 
     </span>
     <span class='ocr_line' id='line_1_4' title="bbox 89 502 1897 559; baseline -0.001 -14"><span class='ocrx_word' id='word_1_27' title='bbox 89 504 346 559; x_wconf 87' lang='lat' dir='ltr'>religionem</span> <span class='ocrx_word' id='word_1_28' title='bbox 378 517 524 544; x_wconf 89' lang='lat' dir='ltr'><strong>veram</strong></span> <span class='ocrx_word' id='word_1_29' title='bbox 557 503 787 544; x_wconf 85' lang='lat' dir='ltr'><strong>desideret.</strong></span> <span class='ocrx_word' id='word_1_30' title='bbox 822 503 1008 544; x_wconf 88' lang='lat' dir='ltr'><strong>Placcius</strong></span> <span class='ocrx_word' id='word_1_31' title='bbox 1042 517 1123 558; x_wconf 93' lang='lat' dir='ltr'><strong>pro</strong></span> <span class='ocrx_word' id='word_1_32' title='bbox 1157 503 1333 544; x_wconf 89' lang='lat' dir='ltr'><strong>diabolo</strong></span> <span class='ocrx_word' id='word_1_33' title='bbox 1365 502 1531 552; x_wconf 80' lang='lat' dir='ltr'><strong>Stellae,</strong></span> <span class='ocrx_word' id='word_1_34' title='bbox 1565 503 1686 543; x_wconf 88' lang='lat' dir='ltr'><strong>cuius</strong></span> <span class='ocrx_word' id='word_1_35' title='bbox 1719 517 1897 544; x_wconf 90' lang='lat' dir='ltr'><strong>carmen</strong></span> 
     </span>
     <span class='ocr_line' id='line_1_5' title="bbox 87 569 1897 626; baseline -0.001 -14"><span class='ocrx_word' id='word_1_36' title='bbox 87 571 290 626; x_wconf 88' lang='lat' dir='ltr'><strong>ignorare</strong></span> <span class='ocrx_word' id='word_1_37' title='bbox 321 570 503 619; x_wconf 90' lang='lat' dir='ltr'><strong>videtur,</strong></span> <span class='ocrx_word' id='word_1_38' title='bbox 535 570 766 610; x_wconf 87' lang='lat' dir='ltr'><strong>Vetustatis</strong></span> <span class='ocrx_word' id='word_1_39' title='bbox 799 583 1033 625; x_wconf 85' lang='lat' dir='ltr'><strong>personam</strong></span> <span class='ocrx_word' id='word_1_40' title='bbox 1067 570 1203 625; x_wconf 89' lang='lat' dir='ltr'><strong>fingit,</strong></span> <span class='ocrx_word' id='word_1_41' title='bbox 1236 583 1348 625; x_wconf 91' lang='lat' dir='ltr'><strong>quae</strong></span> <span class='ocrx_word' id='word_1_42' title='bbox 1381 569 1483 624; x_wconf 91' lang='lat' dir='ltr'><strong>quia</strong></span> <span class='ocrx_word' id='word_1_43' title='bbox 1515 570 1649 625; x_wconf 85' lang='lat' dir='ltr'><strong>retegi</strong></span> <span class='ocrx_word' id='word_1_44' title='bbox 1685 583 1777 610; x_wconf 93' lang='lat' dir='ltr'><strong>non</strong></span> <span class='ocrx_word' id='word_1_45' title='bbox 1808 569 1897 610; x_wconf 93' lang='lat' dir='ltr'><strong>vult</strong></span> 
     </span>
     <span class='ocr_line' id='line_1_6' title="bbox 88 636 1896 692; baseline -0.001 -13"><span class='ocrx_word' id='word_1_46' title='bbox 88 652 288 679; x_wconf 93' lang='lat' dir='ltr'><strong>sororem</strong></span> <span class='ocrx_word' id='word_1_47' title='bbox 301 637 572 678; x_wconf 81' lang='lat' dir='ltr'>Discordiam</span> <span class='ocrx_word' id='word_1_48' title='bbox 584 638 768 692; x_wconf 84' lang='lat' dir='ltr'><strong>instigat,</strong></span> <span class='ocrx_word' id='word_1_49' title='bbox 781 645 830 677; x_wconf 93' lang='lat' dir='ltr'><strong>ut</strong></span> <span class='ocrx_word' id='word_1_50' title='bbox 842 636 1106 678; x_wconf 92' lang='lat' dir='ltr'><strong>Rodericum</strong></span> <span class='ocrx_word' id='word_1_51' title='bbox 1118 636 1340 692; x_wconf 86' lang='lat' dir='ltr'><strong>quendam</strong></span> <span class='ocrx_word' id='word_1_52' title='bbox 1354 636 1576 677; x_wconf 91' lang='lat' dir='ltr'><strong>nobilitate</strong></span> <span class='ocrx_word' id='word_1_53' title='bbox 1588 637 1827 692; x_wconf 91' lang='lat' dir='ltr'><strong>superbum</strong></span> <span class='ocrx_word' id='word_1_54' title='bbox 1840 637 1896 678; x_wconf 89' lang='lat' dir='ltr'><strong>ad</strong></span> 
     </span>
     <span class='ocr_line' id='line_1_7' title="bbox 88 703 1896 759; baseline -0.001 -13"><span class='ocrx_word' id='word_1_55' title='bbox 88 705 438 746; x_wconf 87' lang='lat' dir='ltr'><strong>coniurationem</strong></span> <span class='ocrx_word' id='word_1_56' title='bbox 452 705 499 745; x_wconf 94' lang='lat' dir='ltr'><strong>in</strong></span> <span class='ocrx_word' id='word_1_57' title='bbox 514 703 783 744; x_wconf 92' lang='lat' dir='ltr'><strong>Columbum</strong></span> <span class='ocrx_word' id='word_1_58' title='bbox 798 703 949 744; x_wconf 91' lang='lat' dir='ltr'><strong>humili</strong></span> <span class='ocrx_word' id='word_1_59' title='bbox 966 703 1065 744; x_wconf 91' lang='lat' dir='ltr'><strong>loco</strong></span> <span class='ocrx_word' id='word_1_60' title='bbox 1082 712 1233 744; x_wconf 92' lang='lat' dir='ltr'><strong>natum</strong></span> <span class='ocrx_word' id='word_1_61' title='bbox 1246 705 1489 759; x_wconf 85' lang='lat' dir='ltr'><strong>virtuteque</strong></span> <span class='ocrx_word' id='word_1_62' title='bbox 1505 704 1569 744; x_wconf 91' lang='lat' dir='ltr'><strong>sui</strong></span> <span class='ocrx_word' id='word_1_63' title='bbox 1585 704 1719 759; x_wconf 90' lang='lat' dir='ltr'><strong>ipsius</strong></span> <span class='ocrx_word' id='word_1_64' title='bbox 1736 705 1896 744; x_wconf 86' lang='lat' dir='ltr'><strong>fretum</strong></span> 
     </span>
     <span class='ocr_line' id='line_1_8' title="bbox 88 764 1895 828; baseline -0.001 -15"><span class='ocrx_word' id='word_1_65' title='bbox 88 772 280 828; x_wconf 90' lang='lat' dir='ltr'><strong>ideoque</strong></span> <span class='ocrx_word' id='word_1_66' title='bbox 296 771 553 827; x_wconf 91' lang='lat' dir='ltr'><strong>despectum</strong></span> <span class='ocrx_word' id='word_1_67' title='bbox 569 771 847 812; x_wconf 88' lang='lat' dir='ltr'><strong>conflandam</strong></span> <span class='ocrx_word' id='word_1_68' title='bbox 863 771 1061 812; x_wconf 87' lang='lat' dir='ltr'><strong>adducat.</strong></span> <span class='ocrx_word' id='word_1_69' title='bbox 1079 772 1399 826; x_wconf 91' lang='lat' dir='ltr'><strong>Hieronymum</strong></span> <span class='ocrx_word' id='word_1_70' title='bbox 1416 772 1670 811; x_wconf 90' lang='lat' dir='ltr'><strong>Benzonem</strong></span> <span class='ocrx_word' id='word_1_71' title='bbox 1686 764 1895 812; x_wconf 87' lang='lat' dir='ltr'><strong>secutus¹¹</strong></span> 
     </span>
     <span class='ocr_line' id='line_1_9' title="bbox 89 838 1896 893; baseline -0.001 -13"><span class='ocrx_word' id='word_1_72' title='bbox 89 847 307 880; x_wconf 88' lang='lat' dir='ltr'><strong>memorat</strong></span> <span class='ocrx_word' id='word_1_73' title='bbox 331 838 600 879; x_wconf 90' lang='lat' dir='ltr'><strong>Columbum</strong></span> <span class='ocrx_word' id='word_1_74' title='bbox 626 839 825 879; x_wconf 87' lang='lat' dir='ltr'><strong>oratione</strong></span> <span class='ocrx_word' id='word_1_75' title='bbox 852 839 991 878; x_wconf 85' lang='lat' dir='ltr'><strong>nautis</strong></span> <span class='ocrx_word' id='word_1_76' title='bbox 1016 838 1161 879; x_wconf 89' lang='lat' dir='ltr'><strong>habita</strong></span> <span class='ocrx_word' id='word_1_77' title='bbox 1185 838 1423 893; x_wconf 90' lang='lat' dir='ltr'><strong>pollicitum</strong></span> <span class='ocrx_word' id='word_1_78' title='bbox 1449 852 1544 878; x_wconf 91' lang='lat' dir='ltr'><strong>esse</strong></span> <span class='ocrx_word' id='word_1_79' title='bbox 1569 852 1615 878; x_wconf 91' lang='lat' dir='ltr'><strong>se</strong></span> <span class='ocrx_word' id='word_1_80' title='bbox 1641 839 1687 878; x_wconf 93' lang='lat' dir='ltr'><strong>in</strong></span> <span class='ocrx_word' id='word_1_81' title='bbox 1713 839 1896 893; x_wconf 89' lang='lat' dir='ltr'><strong>patriam</strong></span> 
     </span>
     <span class='ocr_line' id='line_1_10' title="bbox 88 904 1801 960; baseline -0.001 -14"><span class='ocrx_word' id='word_1_82' title='bbox 88 920 190 947; x_wconf 93' lang='lat' dir='ltr'><strong>cum</strong></span> <span class='ocrx_word' id='word_1_83' title='bbox 209 906 271 946; x_wconf 92' lang='lat' dir='ltr'><strong>eis</strong></span> <span class='ocrx_word' id='word_1_84' title='bbox 292 905 546 954; x_wconf 89' lang='lat' dir='ltr'><strong>rediturum,</strong></span> <span class='ocrx_word' id='word_1_85' title='bbox 568 906 646 946; x_wconf 93' lang='lat' dir='ltr'><strong>nisi</strong></span> <span class='ocrx_word' id='word_1_86' title='bbox 666 905 778 945; x_wconf 90' lang='lat' dir='ltr'><strong>intra</strong></span> <span class='ocrx_word' id='word_1_87' title='bbox 796 904 989 945; x_wconf 91' lang='lat' dir='ltr'><strong>triduum</strong></span> <span class='ocrx_word' id='word_1_88' title='bbox 1010 913 1123 945; x_wconf 90' lang='lat' dir='ltr'><strong>terra</strong></span> <span class='ocrx_word' id='word_1_89' title='bbox 1140 905 1227 945; x_wconf 89' lang='lat' dir='ltr'><strong>iam</strong></span> <span class='ocrx_word' id='word_1_90' title='bbox 1246 904 1323 945; x_wconf 89' lang='lat' dir='ltr'><strong>diu</strong></span> <span class='ocrx_word' id='word_1_91' title='bbox 1342 913 1566 960; x_wconf 85' lang='lat' dir='ltr'><strong>expectata</strong></span> <span class='ocrx_word' id='word_1_92' title='bbox 1584 913 1801 960; x_wconf 85' lang='lat' dir='ltr'><strong>appareat.</strong></span> 
     </span>
    </p>

    <p class='ocr_par' dir='ltr' id='par_1_3' title="bbox 87 971 1901 1825">
     <span class='ocr_line' id='line_1_11' title="bbox 155 971 1898 1027; baseline -0.001 -14"><span class='ocrx_word' id='word_1_93' title='bbox 155 972 367 1014; x_wconf 89' lang='lat' dir='ltr'><strong>Eiusdem</strong></span> <span class='ocrx_word' id='word_1_94' title='bbox 391 973 623 1013; x_wconf 89' lang='lat' dir='ltr'><strong>Societatis</strong></span> <span class='ocrx_word' id='word_1_95' title='bbox 638 973 747 1027; x_wconf 90' lang='lat' dir='ltr'><strong>Jesu</strong></span> <span class='ocrx_word' id='word_1_96' title='bbox 771 986 821 1012; x_wconf 91' lang='lat' dir='ltr'><strong>ac</strong></span> <span class='ocrx_word' id='word_1_97' title='bbox 847 972 1035 1012; x_wconf 89' lang='lat' dir='ltr'><strong>Carrara</strong></span> <span class='ocrx_word' id='word_1_98' title='bbox 1058 971 1266 1012; x_wconf 89' lang='lat' dir='ltr'><strong>sacerdos</strong></span> <span class='ocrx_word' id='word_1_99' title='bbox 1292 972 1376 1012; x_wconf 81' lang='lat' dir='ltr'><strong>fuit</strong></span> <span class='ocrx_word' id='word_1_100' title='bbox 1399 971 1610 1012; x_wconf 90' lang='lat' dir='ltr'><strong>Nicolaus</strong></span> <span class='ocrx_word' id='word_1_101' title='bbox 1635 972 1898 1012; x_wconf 90' lang='lat' dir='ltr'><strong>Parthenius</strong></span> 
     </span>
     <span class='ocr_line' id='line_1_12' title="bbox 88 1038 1900 1092; baseline -0.001 -13"><span class='ocrx_word' id='word_1_102' title='bbox 88 1040 420 1079; x_wconf 90' lang='lat' dir='ltr'><strong>Giannettasius</strong></span> <span class='ocrx_word' id='word_1_103' title='bbox 447 1039 784 1092; x_wconf 89' lang='lat' dir='ltr'><strong>Neapolitanus,</strong></span> <span class='ocrx_word' id='word_1_104' title='bbox 812 1039 888 1092; x_wconf 90' lang='lat' dir='ltr'><strong>qui</strong></span> <span class='ocrx_word' id='word_1_105' title='bbox 917 1047 1110 1078; x_wconf 86' lang='lat' dir='ltr'><strong>exeunte</strong></span> <span class='ocrx_word' id='word_1_106' title='bbox 1138 1038 1316 1078; x_wconf 88' lang='lat' dir='ltr'><strong>saeculo</strong></span> <span class='ocrx_word' id='word_1_107' title='bbox 1342 1039 1520 1078; x_wconf 93' lang='lat' dir='ltr'><strong>XVImo</strong></span> <span class='ocrx_word' id='word_1_108' title='bbox 1548 1052 1731 1078; x_wconf 89' lang='lat' dir='ltr'><strong>carmen</strong></span> <span class='ocrx_word' id='word_1_109' title='bbox 1758 1039 1900 1078; x_wconf 84' lang='lat' dir='ltr'><strong>didas·</strong></span> 
     </span>
     <span class='ocr_line' id='line_1_13' title="bbox 88 1096 1896 1158; baseline -0.001 -14"><span class='ocrx_word' id='word_1_110' title='bbox 88 1104 275 1144; x_wconf 92' lang='lat' dir='ltr'><strong>calicum</strong></span> <span class='ocrx_word' id='word_1_111' title='bbox 295 1105 567 1158; x_wconf 88' lang='lat' dir='ltr'><strong>composuit,</strong></span> <span class='ocrx_word' id='word_1_112' title='bbox 588 1118 681 1158; x_wconf 92' lang='lat' dir='ltr'><strong>quo</strong></span> <span class='ocrx_word' id='word_1_113' title='bbox 701 1112 844 1143; x_wconf 92' lang='lat' dir='ltr'><strong>artem</strong></span> <span class='ocrx_word' id='word_1_114' title='bbox 866 1104 1088 1143; x_wconf 85' lang='lat' dir='ltr'><strong>nauticam</strong></span> <span class='ocrx_word' id='word_1_115' title='bbox 1109 1096 1318 1143; x_wconf 79' lang='lat' dir='ltr'><strong>docuit.¹²</strong></span> <span class='ocrx_word' id='word_1_116' title='bbox 1338 1104 1390 1143; x_wconf 91' lang='lat' dir='ltr'><strong>In</strong></span> <span class='ocrx_word' id='word_1_117' title='bbox 1409 1104 1534 1143; x_wconf 92' lang='lat' dir='ltr'><strong>cuius</strong></span> <span class='ocrx_word' id='word_1_118' title='bbox 1554 1104 1762 1143; x_wconf 88' lang='lat' dir='ltr'><strong>carminis</strong></span> <span class='ocrx_word' id='word_1_119' title='bbox 1782 1103 1896 1143; x_wconf 91' lang='lat' dir='ltr'><strong>libro</strong></span> 
     </span>
     <span class='ocr_line' id='line_1_14' title="bbox 87 1169 1896 1224; baseline -0.001 -14"><span class='ocrx_word' id='word_1_120' title='bbox 87 1179 247 1210; x_wconf 89' lang='lat' dir='ltr'><strong>octavo</strong></span> <span class='ocrx_word' id='word_1_121' title='bbox 276 1170 476 1210; x_wconf 92' lang='lat' dir='ltr'><strong>dissimili</strong></span> <span class='ocrx_word' id='word_1_122' title='bbox 508 1170 649 1209; x_wconf 93' lang='lat' dir='ltr'><strong>modo</strong></span> <span class='ocrx_word' id='word_1_123' title='bbox 678 1183 729 1209; x_wconf 92' lang='lat' dir='ltr'><strong>ac</strong></span> <span class='ocrx_word' id='word_1_124' title='bbox 758 1169 960 1224; x_wconf 92' lang='lat' dir='ltr'><strong>plerique</strong></span> <span class='ocrx_word' id='word_1_125' title='bbox 990 1178 1243 1224; x_wconf 88' lang='lat' dir='ltr'><strong>poetarum,</strong></span> <span class='ocrx_word' id='word_1_126' title='bbox 1272 1183 1387 1223; x_wconf 92' lang='lat' dir='ltr'><strong>quos</strong></span> <span class='ocrx_word' id='word_1_127' title='bbox 1415 1170 1505 1209; x_wconf 89' lang='lat' dir='ltr'><strong>iam</strong></span> <span class='ocrx_word' id='word_1_128' title='bbox 1535 1170 1896 1218; x_wconf 88' lang='lat' dir='ltr'><strong>memoravimus,</strong></span> 
     </span>
     <span class='ocr_line' id='line_1_15' title="bbox 88 1235 1897 1290; baseline 0 -14"><span class='ocrx_word' id='word_1_129' title='bbox 88 1236 358 1277; x_wconf 91' lang='lat' dir='ltr'><strong>Columbum</strong></span> <span class='ocrx_word' id='word_1_130' title='bbox 374 1236 588 1276; x_wconf 87' lang='lat' dir='ltr'><strong>describit:</strong></span> <span class='ocrx_word' id='word_1_131' title='bbox 604 1235 732 1276; x_wconf 91' lang='lat' dir='ltr'><strong>huius</strong></span> <span class='ocrx_word' id='word_1_132' title='bbox 748 1236 867 1276; x_wconf 92' lang='lat' dir='ltr'><strong>enim</strong></span> <span class='ocrx_word' id='word_1_133' title='bbox 884 1244 1041 1290; x_wconf 91' lang='lat' dir='ltr'><strong>poetae</strong></span> <span class='ocrx_word' id='word_1_134' title='bbox 1057 1236 1201 1276; x_wconf 88' lang='lat' dir='ltr'><strong>eximii</strong></span> <span class='ocrx_word' id='word_1_135' title='bbox 1219 1235 1461 1276; x_wconf 91' lang='lat' dir='ltr'><strong>Columbus</strong></span> <span class='ocrx_word' id='word_1_136' title='bbox 1476 1236 1664 1276; x_wconf 90' lang='lat' dir='ltr'><strong>Uraniae</strong></span> <span class='ocrx_word' id='word_1_137' title='bbox 1680 1235 1897 1290; x_wconf 93' lang='lat' dir='ltr'><strong>nymphae</strong></span> 
     </span>
     <span class='ocr_line' id='line_1_16' title="bbox 88 1302 1900 1358; baseline -0.001 -15"><span class='ocrx_word' id='word_1_138' title='bbox 88 1317 138 1343; x_wconf 93' lang='lat' dir='ltr'><strong>ac</strong></span> <span class='ocrx_word' id='word_1_139' title='bbox 152 1302 363 1358; x_wconf 91' lang='lat' dir='ltr'><strong>Apollinis</strong></span> <span class='ocrx_word' id='word_1_140' title='bbox 381 1302 492 1343; x_wconf 91' lang='lat' dir='ltr'><strong>filius</strong></span> <span class='ocrx_word' id='word_1_141' title='bbox 510 1316 634 1343; x_wconf 90' lang='lat' dir='ltr'><strong>more</strong></span> <span class='ocrx_word' id='word_1_142' title='bbox 651 1316 927 1342; x_wconf 92' lang='lat' dir='ltr'><strong>summorum</strong></span> <span class='ocrx_word' id='word_1_143' title='bbox 943 1303 1135 1342; x_wconf 93' lang='lat' dir='ltr'><strong>virorum</strong></span> <span class='ocrx_word' id='word_1_144' title='bbox 1151 1303 1454 1342; x_wconf 90' lang='lat' dir='ltr'><strong>Romanorum</strong></span> <span class='ocrx_word' id='word_1_145' title='bbox 1470 1302 1706 1357; x_wconf 90' lang='lat' dir='ltr'><strong>cupiditate</strong></span> <span class='ocrx_word' id='word_1_146' title='bbox 1722 1302 1900 1357; x_wconf 85' lang='lat' dir='ltr'><strong>dignita-</strong></span> 
     </span>
     <span class='ocr_line' id='line_1_17' title="bbox 89 1368 1901 1425; baseline -0.001 -15"><span class='ocrx_word' id='word_1_147' title='bbox 89 1370 140 1410; x_wconf 90' lang='lat' dir='ltr'><strong>tis</strong></span> <span class='ocrx_word' id='word_1_148' title='bbox 160 1384 209 1410; x_wconf 89' lang='lat' dir='ltr'><strong>ac</strong></span> <span class='ocrx_word' id='word_1_149' title='bbox 228 1369 391 1425; x_wconf 87' lang='lat' dir='ltr'><strong>gloriae</strong></span> <span class='ocrx_word' id='word_1_150' title='bbox 411 1383 616 1409; x_wconf 87' lang='lat' dir='ltr'><strong>accensus</strong></span> <span class='ocrx_word' id='word_1_151' title='bbox 636 1368 760 1409; x_wconf 92' lang='lat' dir='ltr'><strong>ardet</strong></span> <span class='ocrx_word' id='word_1_152' title='bbox 778 1383 987 1424; x_wconf 91' lang='lat' dir='ltr'><strong>magnum</strong></span> <span class='ocrx_word' id='word_1_153' title='bbox 1006 1368 1111 1409; x_wconf 90' lang='lat' dir='ltr'><strong>illud</strong></span> <span class='ocrx_word' id='word_1_154' title='bbox 1130 1383 1242 1424; x_wconf 92' lang='lat' dir='ltr'><strong>opus</strong></span> <span class='ocrx_word' id='word_1_155' title='bbox 1262 1368 1496 1424; x_wconf 90' lang='lat' dir='ltr'><strong>detegendi</strong></span> <span class='ocrx_word' id='word_1_156' title='bbox 1517 1369 1634 1409; x_wconf 92' lang='lat' dir='ltr'><strong>orbis</strong></span> <span class='ocrx_word' id='word_1_157' title='bbox 1655 1370 1754 1409; x_wconf 90' lang='lat' dir='ltr'><strong>novi</strong></span> <span class='ocrx_word' id='word_1_158' title='bbox 1775 1370 1901 1424; x_wconf 87' lang='lat' dir='ltr'><strong>perfi-</strong></span> 
     </span>
     <span class='ocr_line' id='line_1_18' title="bbox 88 1436 1896 1492; baseline 0 -15"><span class='ocrx_word' id='word_1_159' title='bbox 88 1451 199 1478; x_wconf 92' lang='lat' dir='ltr'><strong>cere.</strong></span> <span class='ocrx_word' id='word_1_160' title='bbox 214 1437 356 1477; x_wconf 92' lang='lat' dir='ltr'><strong>Mater</strong></span> <span class='ocrx_word' id='word_1_161' title='bbox 369 1451 396 1477; x_wconf 93' lang='lat' dir='ltr'><strong>a</strong></span> <span class='ocrx_word' id='word_1_162' title='bbox 409 1436 512 1486; x_wconf 91' lang='lat' dir='ltr'><strong>filio,</strong></span> <span class='ocrx_word' id='word_1_163' title='bbox 526 1436 650 1492; x_wconf 93' lang='lat' dir='ltr'><strong>quod</strong></span> <span class='ocrx_word' id='word_1_164' title='bbox 663 1450 709 1477; x_wconf 93' lang='lat' dir='ltr'><strong>se</strong></span> <span class='ocrx_word' id='word_1_165' title='bbox 724 1445 932 1485; x_wconf 90' lang='lat' dir='ltr'><strong>moretur,</strong></span> <span class='ocrx_word' id='word_1_166' title='bbox 947 1437 1139 1477; x_wconf 89' lang='lat' dir='ltr'><strong>incusata</strong></span> <span class='ocrx_word' id='word_1_167' title='bbox 1151 1436 1420 1477; x_wconf 92' lang='lat' dir='ltr'><strong>Columbum</strong></span> <span class='ocrx_word' id='word_1_168' title='bbox 1435 1450 1592 1492; x_wconf 83' lang='lat' dir='ltr'><strong>magna</strong></span> <span class='ocrx_word' id='word_1_169' title='bbox 1606 1436 1896 1492; x_wconf 80' lang='lat' dir='ltr'><strong>nympharum</strong></span> 
     </span>
     <span class='ocr_line' id='line_1_19' title="bbox 88 1503 1899 1558; baseline -0.001 -14"><span class='ocrx_word' id='word_1_170' title='bbox 88 1503 338 1544; x_wconf 90' lang='lat' dir='ltr'><strong>caelestium</strong></span> <span class='ocrx_word' id='word_1_171' title='bbox 359 1504 595 1544; x_wconf 90' lang='lat' dir='ltr'><strong>comitante</strong></span> <span class='ocrx_word' id='word_1_172' title='bbox 616 1511 784 1543; x_wconf 89' lang='lat' dir='ltr'><strong>caterva</strong></span> <span class='ocrx_word' id='word_1_173' title='bbox 803 1517 858 1543; x_wconf 91' lang='lat' dir='ltr'><strong>ex</strong></span> <span class='ocrx_word' id='word_1_174' title='bbox 877 1503 1015 1543; x_wconf 89' lang='lat' dir='ltr'><strong>insula</strong></span> <span class='ocrx_word' id='word_1_175' title='bbox 1034 1503 1223 1558; x_wconf 89' lang='lat' dir='ltr'><strong>quadam</strong></span> <span class='ocrx_word' id='word_1_176' title='bbox 1244 1504 1476 1543; x_wconf 88' lang='lat' dir='ltr'><strong>Fortunata</strong></span> <span class='ocrx_word' id='word_1_177' title='bbox 1495 1504 1541 1543; x_wconf 93' lang='lat' dir='ltr'><strong>in</strong></span> <span class='ocrx_word' id='word_1_178' title='bbox 1563 1504 1726 1558; x_wconf 90' lang='lat' dir='ltr'><strong>regiam</strong></span> <span class='ocrx_word' id='word_1_179' title='bbox 1747 1503 1899 1544; x_wconf 91' lang='lat' dir='ltr'><strong>caeles-</strong></span> 
     </span>
     <span class='ocr_line' id='line_1_20' title="bbox 89 1570 1899 1625; baseline 0 -14"><span class='ocrx_word' id='word_1_180' title='bbox 89 1579 179 1611; x_wconf 91' lang='lat' dir='ltr'><strong>tem</strong></span> <span class='ocrx_word' id='word_1_181' title='bbox 214 1570 563 1611; x_wconf 89' lang='lat' dir='ltr'><strong>ducit—imitatur</strong></span> <span class='ocrx_word' id='word_1_182' title='bbox 595 1570 826 1611; x_wconf 91' lang='lat' dir='ltr'><strong>Somnium</strong></span> <span class='ocrx_word' id='word_1_183' title='bbox 860 1570 965 1611; x_wconf 94' lang='lat' dir='ltr'><strong>illud</strong></span> <span class='ocrx_word' id='word_1_184' title='bbox 998 1570 1209 1625; x_wconf 90' lang='lat' dir='ltr'><strong>Scipionis</strong></span> <span class='ocrx_word' id='word_1_185' title='bbox 1244 1570 1551 1611; x_wconf 80' lang='lat' dir='ltr'><strong>auctor-unde</strong></span> <span class='ocrx_word' id='word_1_186' title='bbox 1587 1571 1821 1625; x_wconf 89' lang='lat' dir='ltr'><strong>prospiciat</strong></span> <span class='ocrx_word' id='word_1_187' title='bbox 1854 1579 1899 1611; x_wconf 92' lang='lat' dir='ltr'><strong>et</strong></span> 
     </span>
     <span class='ocr_line' id='line_1_21' title="bbox 88 1637 1896 1693; baseline 0 -15"><span class='ocrx_word' id='word_1_188' title='bbox 88 1637 244 1678; x_wconf 93' lang='lat' dir='ltr'><strong>orbem</strong></span> <span class='ocrx_word' id='word_1_189' title='bbox 268 1646 460 1678; x_wconf 92' lang='lat' dir='ltr'><strong>veterem</strong></span> <span class='ocrx_word' id='word_1_190' title='bbox 485 1645 530 1678; x_wconf 93' lang='lat' dir='ltr'><strong>et</strong></span> <span class='ocrx_word' id='word_1_191' title='bbox 554 1651 729 1686; x_wconf 92' lang='lat' dir='ltr'><strong>novum,</strong></span> <span class='ocrx_word' id='word_1_192' title='bbox 754 1638 801 1678; x_wconf 91' lang='lat' dir='ltr'><strong>in</strong></span> <span class='ocrx_word' id='word_1_193' title='bbox 824 1651 914 1693; x_wconf 94' lang='lat' dir='ltr'><strong>quo</strong></span> <span class='ocrx_word' id='word_1_194' title='bbox 939 1637 1122 1678; x_wconf 90' lang='lat' dir='ltr'><strong>insulam</strong></span> <span class='ocrx_word' id='word_1_195' title='bbox 1146 1638 1277 1686; x_wconf 86' lang='lat' dir='ltr'><strong>Haiti,</strong></span> <span class='ocrx_word' id='word_1_196' title='bbox 1302 1651 1414 1693; x_wconf 92' lang='lat' dir='ltr'><strong>quae</strong></span> <span class='ocrx_word' id='word_1_197' title='bbox 1439 1646 1669 1693; x_wconf 90' lang='lat' dir='ltr'><strong>acceptura</strong></span> <span class='ocrx_word' id='word_1_198' title='bbox 1692 1638 1746 1678; x_wconf 90' lang='lat' dir='ltr'><strong>sit</strong></span> <span class='ocrx_word' id='word_1_199' title='bbox 1770 1651 1896 1678; x_wconf 90' lang='lat' dir='ltr'><strong>naves</strong></span> 
     </span>
     <span class='ocr_line' id='line_1_22' title="bbox 89 1704 1896 1759; baseline 0 -15"><span class='ocrx_word' id='word_1_200' title='bbox 89 1706 193 1745; x_wconf 87' lang='lat' dir='ltr'><strong>eius.</strong></span> <span class='ocrx_word' id='word_1_201' title='bbox 214 1704 304 1754; x_wconf 18' lang='lat' dir='ltr'><strong>,Sed</strong></span> <span class='ocrx_word' id='word_1_202' title='bbox 325 1713 560 1759; x_wconf 90' lang='lat' dir='ltr'><strong>antequam</strong></span> <span class='ocrx_word' id='word_1_203' title='bbox 582 1706 664 1744; x_wconf 93' lang='lat' dir='ltr'><strong>iter</strong></span> <span class='ocrx_word' id='word_1_204' title='bbox 686 1705 822 1753; x_wconf 88' lang='lat' dir='ltr'><strong>faciat,</strong></span> <span class='ocrx_word' id='word_1_205' title='bbox 846 1705 1089 1752; x_wconf 89' lang='lat' dir='ltr'><strong>Oceanum,</strong></span> <span class='ocrx_word' id='word_1_206' title='bbox 1113 1705 1337 1753; x_wconf 76' lang='lat' dir='ltr'><strong>Doridem,</strong></span> <span class='ocrx_word' id='word_1_207' title='bbox 1360 1706 1641 1744; x_wconf 92' lang='lat' dir='ltr'><strong>Ammericen</strong></span> <span class='ocrx_word' id='word_1_208' title='bbox 1663 1705 1896 1759; x_wconf 89' lang='lat' dir='ltr'><strong>placandos</strong></span> 
     </span>
     <span class='ocr_line' id='line_1_23' title="bbox 89 1771 1373 1825; baseline -0.001 -14"><span class='ocrx_word' id='word_1_209' title='bbox 89 1785 195 1811; x_wconf 91' lang='lat' dir='ltr'><strong>esse.</strong></span> <span class='ocrx_word' id='word_1_210' title='bbox 216 1771 339 1811; x_wconf 92' lang='lat' dir='ltr'><strong>Haec</strong></span> <span class='ocrx_word' id='word_1_211' title='bbox 358 1772 509 1810; x_wconf 91' lang='lat' dir='ltr'><strong>omnia</strong></span> <span class='ocrx_word' id='word_1_212' title='bbox 528 1785 652 1810; x_wconf 92' lang='lat' dir='ltr'><strong>more</strong></span> <span class='ocrx_word' id='word_1_213' title='bbox 673 1779 904 1825; x_wconf 87' lang='lat' dir='ltr'><strong>poetarum</strong></span> <span class='ocrx_word' id='word_1_214' title='bbox 921 1779 1118 1810; x_wconf 92' lang='lat' dir='ltr'><strong>veterum</strong></span> <span class='ocrx_word' id='word_1_215' title='bbox 1138 1771 1373 1825; x_wconf 86' lang='lat' dir='ltr'><strong>finguntur.</strong></span> 
     </span>
    </p>

    <p class='ocr_par' dir='ltr' id='par_1_4' title="bbox 87 1836 1901 2426">
     <span class='ocr_line' id='line_1_24' title="bbox 156 1836 1897 1892; baseline 0 -15"><span class='ocrx_word' id='word_1_216' title='bbox 156 1837 418 1892; x_wconf 90' lang='lat' dir='ltr'><strong>Priusquam</strong></span> <span class='ocrx_word' id='word_1_217' title='bbox 455 1836 513 1877; x_wconf 94' lang='lat' dir='ltr'><strong>ad</strong></span> <span class='ocrx_word' id='word_1_218' title='bbox 549 1845 733 1891; x_wconf 90' lang='lat' dir='ltr'><strong>poetam</strong></span> <span class='ocrx_word' id='word_1_219' title='bbox 771 1845 975 1877; x_wconf 88' lang='lat' dir='ltr'><strong>nostrum</strong></span> <span class='ocrx_word' id='word_1_220' title='bbox 1011 1837 1254 1885; x_wconf 89' lang='lat' dir='ltr'><strong>veniamus,</strong></span> <span class='ocrx_word' id='word_1_221' title='bbox 1293 1850 1474 1877; x_wconf 91' lang='lat' dir='ltr'><strong>necesse</strong></span> <span class='ocrx_word' id='word_1_222' title='bbox 1511 1845 1579 1877; x_wconf 93' lang='lat' dir='ltr'><strong>est</strong></span> <span class='ocrx_word' id='word_1_223' title='bbox 1615 1837 1897 1877; x_wconf 90' lang='lat' dir='ltr'><strong>mentionem</strong></span> 
     </span>
     <span class='ocr_line' id='line_1_25' title="bbox 90 1903 1898 1959; baseline 0 -15"><span class='ocrx_word' id='word_1_224' title='bbox 90 1904 249 1944; x_wconf 90' lang='lat' dir='ltr'><strong>faciam</strong></span> <span class='ocrx_word' id='word_1_225' title='bbox 286 1903 429 1944; x_wconf 91' lang='lat' dir='ltr'><strong>ultimi</strong></span> <span class='ocrx_word' id='word_1_226' title='bbox 467 1912 630 1959; x_wconf 89' lang='lat' dir='ltr'><strong>poetae</strong></span> <span class='ocrx_word' id='word_1_227' title='bbox 668 1904 986 1959; x_wconf 83' lang='lat' dir='ltr'><strong>Latini-quem</strong></span> <span class='ocrx_word' id='word_1_228' title='bbox 1022 1903 1207 1959; x_wconf 90' lang='lat' dir='ltr'><strong>quidem</strong></span> <span class='ocrx_word' id='word_1_229' title='bbox 1244 1905 1462 1959; x_wconf 91' lang='lat' dir='ltr'><strong>novi—qui</strong></span> <span class='ocrx_word' id='word_1_230' title='bbox 1500 1918 1682 1944; x_wconf 91' lang='lat' dir='ltr'><strong>carmen</strong></span> <span class='ocrx_word' id='word_1_231' title='bbox 1717 1905 1898 1959; x_wconf 91' lang='lat' dir='ltr'><strong>epicum</strong></span> 
     </span>
     <span class='ocr_line' id='line_1_26' title="bbox 89 1970 1901 2026; baseline 0 -15"><span class='ocrx_word' id='word_1_232' title='bbox 89 1970 441 2011; x_wconf 90' lang='lat' dir='ltr'><strong>Columbianum</strong></span> <span class='ocrx_word' id='word_1_233' title='bbox 456 1971 673 2020; x_wconf 91' lang='lat' dir='ltr'><strong>condidit,</strong></span> <span class='ocrx_word' id='word_1_234' title='bbox 689 1971 792 2011; x_wconf 94' lang='lat' dir='ltr'><strong>dico</strong></span> <span class='ocrx_word' id='word_1_235' title='bbox 806 1970 1026 2011; x_wconf 90' lang='lat' dir='ltr'><strong>Aloisium</strong></span> <span class='ocrx_word' id='word_1_236' title='bbox 1041 1971 1187 2020; x_wconf 87' lang='lat' dir='ltr'><strong>Mickl,</strong></span> <span class='ocrx_word' id='word_1_237' title='bbox 1203 1972 1278 2026; x_wconf 90' lang='lat' dir='ltr'><strong>qui</strong></span> <span class='ocrx_word' id='word_1_238' title='bbox 1296 1979 1454 2026; x_wconf 92' lang='lat' dir='ltr'><strong>postea</strong></span> <span class='ocrx_word' id='word_1_239' title='bbox 1468 1972 1552 2011; x_wconf 84' lang='lat' dir='ltr'><strong>fuit</strong></span> <span class='ocrx_word' id='word_1_240' title='bbox 1566 1971 1700 2011; x_wconf 89' lang='lat' dir='ltr'><strong>abbas</strong></span> <span class='ocrx_word' id='word_1_241' title='bbox 1716 1971 1901 2011; x_wconf 90' lang='lat' dir='ltr'><strong>Hohen-</strong></span> 
     </span>
     <span class='ocr_line' id='line_1_27' title="bbox 90 2037 1900 2092; baseline 0.001 -15"><span class='ocrx_word' id='word_1_242' title='bbox 90 2038 300 2078; x_wconf 85' lang='lat' dir='ltr'><strong>furtensis</strong></span> <span class='ocrx_word' id='word_1_243' title='bbox 319 2037 562 2086; x_wconf 83' lang='lat' dir='ltr'><strong>Bohemus3</strong></span> <span class='ocrx_word' id='word_1_244' title='bbox 582 2038 618 2077; x_wconf 93' lang='lat' dir='ltr'><strong>is</strong></span> <span class='ocrx_word' id='word_1_245' title='bbox 638 2037 898 2077; x_wconf 90' lang='lat' dir='ltr'><strong>adulescens</strong></span> <span class='ocrx_word' id='word_1_246' title='bbox 917 2037 1192 2092; x_wconf 87' lang='lat' dir='ltr'><strong>undeviginti</strong></span> <span class='ocrx_word' id='word_1_247' title='bbox 1213 2051 1438 2078; x_wconf 91' lang='lat' dir='ltr'><strong>annorum</strong></span> <span class='ocrx_word' id='word_1_248' title='bbox 1457 2051 1652 2086; x_wconf 88' lang='lat' dir='ltr'><strong>carmen,</strong></span> <span class='ocrx_word' id='word_1_249' title='bbox 1673 2038 1743 2078; x_wconf 89' lang='lat' dir='ltr'><strong>cui</strong></span> <span class='ocrx_word' id='word_1_250' title='bbox 1764 2038 1900 2078; x_wconf 87' lang='lat' dir='ltr'><strong>index</strong></span> 
     </span>
     <span class='ocr_line' id='line_1_28' title="bbox 87 2101 1897 2158; baseline 0.001 -15"><span class='ocrx_word' id='word_1_251' title='bbox 87 2104 187 2144; x_wconf 88' lang='lat' dir='ltr'><strong>Plus</strong></span> <span class='ocrx_word' id='word_1_252' title='bbox 216 2104 340 2152; x_wconf 85' lang='lat' dir='ltr'><strong>ultra,</strong></span> <span class='ocrx_word' id='word_1_253' title='bbox 372 2104 631 2158; x_wconf 91' lang='lat' dir='ltr'><strong>composuit</strong></span> <span class='ocrx_word' id='word_1_254' title='bbox 661 2103 801 2154; x_wconf 91' lang='lat' dir='ltr'><strong>(anno</strong></span> <span class='ocrx_word' id='word_1_255' title='bbox 836 2101 980 2154; x_wconf 82' lang='lat'><strong>1730),</strong></span> <span class='ocrx_word' id='word_1_256' title='bbox 1012 2117 1104 2158; x_wconf 94' lang='lat' dir='ltr'><strong>quo</strong></span> <span class='ocrx_word' id='word_1_257' title='bbox 1137 2112 1356 2144; x_wconf 89' lang='lat' dir='ltr'><strong>monstrat</strong></span> <span class='ocrx_word' id='word_1_258' title='bbox 1385 2105 1482 2144; x_wconf 92' lang='lat' dir='ltr'><strong>iure</strong></span> <span class='ocrx_word' id='word_1_259' title='bbox 1513 2103 1714 2158; x_wconf 92' lang='lat' dir='ltr'><strong>quodam</strong></span> <span class='ocrx_word' id='word_1_260' title='bbox 1745 2103 1897 2144; x_wconf 91' lang='lat' dir='ltr'><strong>divino</strong></span> 
     </span>
     <span class='ocr_line' id='line_1_29' title="bbox 90 2169 1898 2225; baseline 0 -15"><span class='ocrx_word' id='word_1_261' title='bbox 90 2169 367 2210; x_wconf 89' lang='lat' dir='ltr'><strong>Columbum</strong></span> <span class='ocrx_word' id='word_1_262' title='bbox 388 2169 498 2210; x_wconf 93' lang='lat' dir='ltr'><strong>illud</strong></span> <span class='ocrx_word' id='word_1_263' title='bbox 520 2169 654 2210; x_wconf 91' lang='lat' dir='ltr'><strong>“Non</strong></span> <span class='ocrx_word' id='word_1_264' title='bbox 675 2169 772 2224; x_wconf 91' lang='lat' dir='ltr'><strong>plus</strong></span> <span class='ocrx_word' id='word_1_265' title='bbox 794 2169 949 2219; x_wconf 90' lang='lat' dir='ltr'><strong>ultra,&#39;’</strong></span> <span class='ocrx_word' id='word_1_266' title='bbox 972 2183 1064 2224; x_wconf 93' lang='lat' dir='ltr'><strong>quo</strong></span> <span class='ocrx_word' id='word_1_267' title='bbox 1087 2170 1326 2225; x_wconf 90' lang='lat' dir='ltr'><strong>proverbio</strong></span> <span class='ocrx_word' id='word_1_268' title='bbox 1348 2170 1586 2224; x_wconf 91' lang='lat' dir='ltr'><strong>antiquitas</strong></span> <span class='ocrx_word' id='word_1_269' title='bbox 1605 2171 1746 2210; x_wconf 90' lang='lat' dir='ltr'><strong>vetuit</strong></span> <span class='ocrx_word' id='word_1_270' title='bbox 1767 2184 1898 2210; x_wconf 91' lang='lat' dir='ltr'><strong>naves</strong></span> 
     </span>
     <span class='ocr_line' id='line_1_30' title="bbox 89 2229 1898 2292; baseline 0 -15"><span class='ocrx_word' id='word_1_271' title='bbox 89 2236 204 2277; x_wconf 91' lang='lat' dir='ltr'><strong>ultra</strong></span> <span class='ocrx_word' id='word_1_272' title='bbox 226 2236 458 2277; x_wconf 89' lang='lat' dir='ltr'><strong>columnas</strong></span> <span class='ocrx_word' id='word_1_273' title='bbox 481 2236 687 2277; x_wconf 88' lang='lat' dir='ltr'><strong>Herculis</strong></span> <span class='ocrx_word' id='word_1_274' title='bbox 710 2229 951 2291; x_wconf 80' lang='lat' dir='ltr'><strong>provehi,¹³</strong></span> <span class='ocrx_word' id='word_1_275' title='bbox 975 2237 1261 2292; x_wconf 90' lang='lat' dir='ltr'><strong>superavisse.</strong></span> <span class='ocrx_word' id='word_1_276' title='bbox 1285 2237 1526 2277; x_wconf 87' lang='lat' dir='ltr'><strong>Affirmare</strong></span> <span class='ocrx_word' id='word_1_277' title='bbox 1550 2237 1692 2277; x_wconf 91' lang='lat' dir='ltr'><strong>ausim</strong></span> <span class='ocrx_word' id='word_1_278' title='bbox 1716 2251 1898 2277; x_wconf 88' lang='lat' dir='ltr'><strong>carmen</strong></span> 
     </span>
     <span class='ocr_line' id='line_1_31' title="bbox 90 2303 1901 2359; baseline 0 -15"><span class='ocrx_word' id='word_1_279' title='bbox 90 2304 305 2344; x_wconf 89' lang='lat' dir='ltr'><strong>Carrarae</strong></span> <span class='ocrx_word' id='word_1_280' title='bbox 332 2303 513 2344; x_wconf 91' lang='lat' dir='ltr'><strong>Micklio</strong></span> <span class='ocrx_word' id='word_1_281' title='bbox 543 2312 703 2344; x_wconf 92' lang='lat' dir='ltr'><strong>notum</strong></span> <span class='ocrx_word' id='word_1_282' title='bbox 731 2304 879 2344; x_wconf 85' lang='lat' dir='ltr'><strong>fuisse.</strong></span> <span class='ocrx_word' id='word_1_283' title='bbox 908 2303 1076 2344; x_wconf 84' lang='lat' dir='ltr'><strong>Editon‘</strong></span> <span class='ocrx_word' id='word_1_284' title='bbox 1106 2305 1202 2344; x_wconf 91' lang='lat' dir='ltr'><strong>eius</strong></span> <span class='ocrx_word' id='word_1_285' title='bbox 1229 2318 1335 2344; x_wconf 90' lang='lat' dir='ltr'><strong>sane</strong></span> <span class='ocrx_word' id='word_1_286' title='bbox 1362 2303 1568 2359; x_wconf 90' lang='lat' dir='ltr'><strong>exempla</strong></span> <span class='ocrx_word' id='word_1_287' title='bbox 1595 2318 1788 2359; x_wconf 93' lang='lat' dir='ltr'><strong>poeseos</strong></span> <span class='ocrx_word' id='word_1_288' title='bbox 1816 2305 1901 2344; x_wconf 93' lang='lat' dir='ltr'><strong>Co-</strong></span> 
     </span>
     <span class='ocr_line' id='line_1_32' title="bbox 90 2364 1901 2426; baseline 0 -14"><span class='ocrx_word' id='word_1_289' title='bbox 90 2370 344 2412; x_wconf 91' lang='lat' dir='ltr'><strong>lumbianae</strong></span> <span class='ocrx_word' id='word_1_290' title='bbox 373 2385 555 2426; x_wconf 90' lang='lat' dir='ltr'><strong>prorsus</strong></span> <span class='ocrx_word' id='word_1_291' title='bbox 584 2372 739 2426; x_wconf 82' lang='lat' dir='ltr'><strong>ignota</strong></span> <span class='ocrx_word' id='word_1_292' title='bbox 766 2364 946 2412; x_wconf 80' lang='lat' dir='ltr'><strong>erant.¹⁴</strong></span> <span class='ocrx_word' id='word_1_293' title='bbox 975 2372 1081 2412; x_wconf 93' lang='lat' dir='ltr'><strong>Non</strong></span> <span class='ocrx_word' id='word_1_294' title='bbox 1109 2371 1255 2412; x_wconf 93' lang='lat' dir='ltr'><strong>solum</strong></span> <span class='ocrx_word' id='word_1_295' title='bbox 1284 2380 1504 2412; x_wconf 90' lang='lat' dir='ltr'><strong>structura</strong></span> <span class='ocrx_word' id='word_1_296' title='bbox 1531 2372 1738 2412; x_wconf 89' lang='lat' dir='ltr'><strong>carminis</strong></span> <span class='ocrx_word' id='word_1_297' title='bbox 1767 2372 1901 2412; x_wconf 90' lang='lat' dir='ltr'><strong>Mick-</strong></span> 
     </span>
    </p>
   </div>
   <div class='ocr_carea' id='block_1_3' title="bbox 88 2579 1899 2742">
    <p class='ocr_par' dir='ltr' id='par_1_5' title="bbox 88 2579 1899 2742">
     <span class='ocr_line' id='line_1_33' title="bbox 172 2579 1896 2633; baseline 0 -14"><span class='ocrx_word' id='word_1_298' title='bbox 172 2579 202 2602; x_wconf 91' lang='lat'><strong>¹⁰</strong></span> <span class='ocrx_word' id='word_1_299' title='bbox 221 2585 319 2619; x_wconf 92' lang='lat' dir='ltr'><strong>Vide</strong></span> <span class='ocrx_word' id='word_1_300' title='bbox 342 2585 507 2619; x_wconf 89' lang='lat' dir='ltr'><strong>Platonis</strong></span> <span class='ocrx_word' id='word_1_301' title='bbox 532 2585 713 2619; x_wconf 83' lang='lat' dir='ltr'><strong>Timaeum</strong></span> <span class='ocrx_word' id='word_1_302' title='bbox 736 2585 809 2620; x_wconf 72' lang='lat'><strong>222</strong></span> <span class='ocrx_word' id='word_1_303' title='bbox 830 2597 911 2633; x_wconf 88' lang='lat' dir='ltr'><strong>sqq.</strong></span> <span class='ocrx_word' id='word_1_304' title='bbox 933 2593 972 2620; x_wconf 90' lang='lat' dir='ltr'><strong>et</strong></span> <span class='ocrx_word' id='word_1_305' title='bbox 993 2586 1168 2620; x_wconf 89' lang='lat' dir='ltr'><strong>eiusdem</strong></span> <span class='ocrx_word' id='word_1_306' title='bbox 1191 2585 1412 2633; x_wconf 89' lang='lat' dir='ltr'><strong>philosophi</strong></span> <span class='ocrx_word' id='word_1_307' title='bbox 1436 2585 1595 2619; x_wconf 82' lang='lat' dir='ltr'><strong>Critiam.</strong></span> <span class='ocrx_word' id='word_1_308' title='bbox 1618 2585 1677 2620; x_wconf 88' lang='lat' dir='ltr'><strong>Cf.</strong></span> <span class='ocrx_word' id='word_1_309' title='bbox 1700 2593 1739 2620; x_wconf 90' lang='lat' dir='ltr'><strong>et</strong></span> <span class='ocrx_word' id='word_1_310' title='bbox 1758 2585 1896 2620; x_wconf 85' lang='lat' dir='ltr'><strong>Novam</strong></span> 
     </span>
     <span class='ocr_line' id='line_1_34' title="bbox 88 2640 699 2675; baseline 0 0"><span class='ocrx_word' id='word_1_311' title='bbox 88 2640 303 2675; x_wconf 78' lang='lat' dir='ltr'><strong>Atlantidem</strong></span> <span class='ocrx_word' id='word_1_312' title='bbox 323 2640 507 2675; x_wconf 85' lang='lat' dir='ltr'><strong>Francisci</strong></span> <span class='ocrx_word' id='word_1_313' title='bbox 526 2640 699 2675; x_wconf 89' lang='lat' dir='ltr'><strong>Baconis.</strong></span> 
     </span>
     <span class='ocr_line' id='line_1_35' title="bbox 173 2695 1899 2742; baseline 0 -8"><span class='ocrx_word' id='word_1_314' title='bbox 173 2695 199 2717; x_wconf 85' lang='lat'><strong>¹¹</strong></span> <span class='ocrx_word' id='word_1_315' title='bbox 225 2699 324 2734; x_wconf 87' lang='lat' dir='ltr'><strong>Usus</strong></span> <span class='ocrx_word' id='word_1_316' title='bbox 349 2712 435 2734; x_wconf 85' lang='lat' dir='ltr'><strong>sum</strong></span> <span class='ocrx_word' id='word_1_317' title='bbox 460 2700 592 2734; x_wconf 88' lang='lat' dir='ltr'><strong>Latina</strong></span> <span class='ocrx_word' id='word_1_318' title='bbox 614 2699 790 2734; x_wconf 87' lang='lat' dir='ltr'><strong>versione</strong></span> <span class='ocrx_word' id='word_1_319' title='bbox 814 2700 958 2735; x_wconf 88' lang='lat' dir='ltr'><strong>Urbani</strong></span> <span class='ocrx_word' id='word_1_320' title='bbox 982 2700 1210 2742; x_wconf 89' lang='lat' dir='ltr'><strong>Calvetonis,</strong></span> <span class='ocrx_word' id='word_1_321' title='bbox 1232 2700 1354 2735; x_wconf 83' lang='lat' dir='ltr'><strong>Novae</strong></span> <span class='ocrx_word' id='word_1_322' title='bbox 1376 2700 1461 2734; x_wconf 83' lang='lat' dir='ltr'><strong>novi</strong></span> <span class='ocrx_word' id='word_1_323' title='bbox 1483 2700 1573 2734; x_wconf 84' lang='lat' dir='ltr'><strong>orbis</strong></span> <span class='ocrx_word' id='word_1_324' title='bbox 1595 2700 1765 2742; x_wconf 80' lang='lat' dir='ltr'><strong>historiae,</strong></span> <span class='ocrx_word' id='word_1_325' title='bbox 1794 2700 1831 2735; x_wconf 87' lang='lat' dir='ltr'><strong>id</strong></span> <span class='ocrx_word' id='word_1_326' title='bbox 1852 2706 1899 2735; x_wconf 82' lang='lat' dir='ltr'><strong>est</strong></span> 
     </span>
    </p>
   </div>
   <div class='ocr_carea' id='block_1_4' title="bbox 90 2754 1897 2852">
    <p class='ocr_par' dir='ltr' id='par_1_6' title="bbox 90 2754 1897 2852">
     <span class='ocr_line' id='line_1_36' title="bbox 90 2754 1897 2844; baseline 0.001 -55"><span class='ocrx_word' id='word_1_327' title='bbox 90 2755 275 2843; x_wconf 53' lang='lat' dir='ltr'><strong>fflb</strong></span> <span class='ocrx_word' id='word_1_328' title='bbox 288 2755 476 2844; x_wconf 49' lang='lat' dir='ltr'><strong>2[gispanis</strong></span> <span class='ocrx_word' id='word_1_329' title='bbox 502 2781 510 2789; x_wconf 89' lang='lat'><strong>.</strong></span> <span class='ocrx_word' id='word_1_330' title='bbox 526 2781 533 2789; x_wconf 91' lang='lat'><strong>.</strong></span> <span class='ocrx_word' id='word_1_331' title='bbox 549 2781 556 2789; x_wconf 90' lang='lat'><strong>.</strong></span> <span class='ocrx_word' id='word_1_332' title='bbox 586 2754 751 2789; x_wconf 83' lang='lat' dir='ltr'><strong>hactenus</strong></span> <span class='ocrx_word' id='word_1_333' title='bbox 774 2760 947 2802; x_wconf 65' lang='lat' dir='ltr'><strong>gestarum</strong></span> <span class='ocrx_word' id='word_1_334' title='bbox 975 2782 1005 2790; x_wconf 93' lang='lat'><strong>..</strong></span> <span class='ocrx_word' id='word_1_335' title='bbox 1021 2782 1028 2790; x_wconf 94' lang='lat'><strong>.</strong></span> <span class='ocrx_word' id='word_1_336' title='bbox 1059 2756 1103 2799; x_wconf 89' lang='lat' dir='ltr'><strong>(s.</strong></span> <span class='ocrx_word' id='word_1_337' title='bbox 1130 2756 1165 2790; x_wconf 84' lang='lat' dir='ltr'><strong>l.:</strong></span> <span class='ocrx_word' id='word_1_338' title='bbox 1192 2756 1310 2803; x_wconf 87' lang='lat' dir='ltr'><strong>Apud</strong></span> <span class='ocrx_word' id='word_1_339' title='bbox 1338 2755 1578 2790; x_wconf 90' lang='lat' dir='ltr'><strong>Eustathium</strong></span> <span class='ocrx_word' id='word_1_340' title='bbox 1603 2755 1769 2803; x_wconf 85' lang='lat' dir='ltr'><strong>Vignon,</strong></span> <span class='ocrx_word' id='word_1_341' title='bbox 1797 2755 1897 2790; x_wconf 77' lang='lat' dir='ltr'><strong>MD.</strong></span> 
     </span>
     <span class='ocr_line' id='line_1_37' title="bbox 245 2809 349 2852; baseline 0 -9"><span class='ocrx_word' id='word_1_342' title='bbox 245 2809 270 2852; x_wconf 95' lang='lat'><strong>),</strong></span> <span class='ocrx_word' id='word_1_343' title='bbox 341 2835 349 2843; x_wconf 89' lang='lat'><strong>.</strong></span> 
     </span>
    </p>
   </div>
   <div class='ocr_carea' id='block_1_5' title="bbox 173 2861 1884 2975">
    <p class='ocr_par' dir='ltr' id='par_1_7' title="bbox 173 2861 1884 2975">
     <span class='ocr_line' id='line_1_38' title="bbox 173 2861 1884 2914; baseline 0.001 -14"><span class='ocrx_word' id='word_1_344' title='bbox 173 2861 202 2884; x_wconf 85' lang='lat'><strong>¹²</strong></span> <span class='ocrx_word' id='word_1_345' title='bbox 219 2867 366 2901; x_wconf 90' lang='lat' dir='ltr'><strong>Nicolai</strong></span> <span class='ocrx_word' id='word_1_346' title='bbox 386 2867 578 2901; x_wconf 90' lang='lat' dir='ltr'><strong>Parthenii</strong></span> <span class='ocrx_word' id='word_1_347' title='bbox 597 2866 847 2901; x_wconf 85' lang='lat' dir='ltr'><strong>Giannettasii</strong></span> <span class='ocrx_word' id='word_1_348' title='bbox 868 2894 875 2901; x_wconf 92' lang='lat'><strong>.</strong></span> <span class='ocrx_word' id='word_1_349' title='bbox 890 2894 898 2901; x_wconf 88' lang='lat'><strong>.</strong></span> <span class='ocrx_word' id='word_1_350' title='bbox 913 2894 921 2901; x_wconf 90' lang='lat'><strong>.</strong></span> <span class='ocrx_word' id='word_1_351' title='bbox 938 2868 1128 2902; x_wconf 72' lang='grc' dir='ltr'><em>Ρίςεαεοήα</em></span> <span class='ocrx_word' id='word_1_352' title='bbox 1146 2873 1178 2901; x_wconf 82' lang='lat' dir='ltr'><strong>et</strong></span> <span class='ocrx_word' id='word_1_353' title='bbox 1192 2867 1346 2902; x_wconf 83' lang='lat' dir='ltr'><strong>Nautica</strong></span> <span class='ocrx_word' id='word_1_354' title='bbox 1365 2867 1556 2914; x_wconf 89' lang='lat' dir='ltr'><strong>(Neapoli,</strong></span> <span class='ocrx_word' id='word_1_355' title='bbox 1579 2867 1703 2911; x_wconf 89' lang='grc'>1686),</span> <span class='ocrx_word' id='word_1_356' title='bbox 1722 2868 1884 2902; x_wconf 81' lang='lat'><strong>236-46.</strong></span> 
     </span>
     <span class='ocr_line' id='line_1_39' title="bbox 173 2920 1360 2975; baseline 0.001 -15"><span class='ocrx_word' id='word_1_357' title='bbox 173 2920 202 2942; x_wconf 78' lang='lat'><strong>¹³</strong></span> <span class='ocrx_word' id='word_1_358' title='bbox 220 2926 278 2961; x_wconf 89' lang='lat' dir='ltr'><strong>De</strong></span> <span class='ocrx_word' id='word_1_359' title='bbox 296 2927 372 2961; x_wconf 89' lang='lat' dir='ltr'><strong>hoc</strong></span> <span class='ocrx_word' id='word_1_360' title='bbox 389 2927 477 2961; x_wconf 93' lang='lat' dir='ltr'><strong>loco</strong></span> <span class='ocrx_word' id='word_1_361' title='bbox 494 2926 541 2960; x_wconf 90' lang='lat' dir='ltr'><strong>cf.</strong></span> <span class='ocrx_word' id='word_1_362' title='bbox 560 2926 702 2960; x_wconf 86' lang='lat' dir='ltr'><strong>librum</strong></span> <span class='ocrx_word' id='word_1_363' title='bbox 719 2926 1016 2974; x_wconf 88' lang='lat' dir='ltr'><strong>Heydenreichii</strong></span> <span class='ocrx_word' id='word_1_364' title='bbox 1034 2928 1094 2972; x_wconf 92' lang='lat' dir='ltr'><strong>(A.</strong></span> <span class='ocrx_word' id='word_1_365' title='bbox 1113 2927 1189 2971; x_wconf 83' lang='lat'><strong>29),</strong></span> <span class='ocrx_word' id='word_1_366' title='bbox 1208 2927 1360 2975; x_wconf 88' lang='lat' dir='ltr'><strong>passim.</strong></span> 
     </span>
    </p>
   </div>
   <div class='ocr_carea' id='block_1_6' title="bbox 91 2979 1902 3086">
    <p class='ocr_par' dir='ltr' id='par_1_8' title="bbox 91 2979 1902 3086">
     <span class='ocr_line' id='line_1_40' title="bbox 171 2979 1902 3034; baseline 0 -15"><span class='ocrx_word' id='word_1_367' title='bbox 171 2979 199 3001; x_wconf 83' lang='lat'><strong>¹⁴</strong></span> <span class='ocrx_word' id='word_1_368' title='bbox 209 2985 292 3020; x_wconf 85' lang='lat' dir='ltr'><strong>Plus</strong></span> <span class='ocrx_word' id='word_1_369' title='bbox 304 2985 404 3019; x_wconf 82' lang='lat' dir='ltr'><strong>ultra.</strong></span> <span class='ocrx_word' id='word_1_370' title='bbox 418 2984 487 3019; x_wconf 86' lang='lat' dir='ltr'><strong>Ein</strong></span> <span class='ocrx_word' id='word_1_371' title='bbox 500 2984 709 3019; x_wconf 79' lang='lat' dir='ltr'><strong>lateinisches</strong></span> <span class='ocrx_word' id='word_1_372' title='bbox 721 2984 862 3020; x_wconf 76' lang='lat' dir='ltr'><strong>Gedicm</strong></span> <span class='ocrx_word' id='word_1_373' title='bbox 872 2985 955 3020; x_wconf 65' lang='lat' dir='ltr'><strong>fiber</strong></span> <span class='ocrx_word' id='word_1_374' title='bbox 963 2986 1019 3020; x_wconf 85' lang='lat' dir='ltr'><strong>die</strong></span> <span class='ocrx_word' id='word_1_375' title='bbox 1027 2985 1435 3034; x_wconf 77' lang='lat' dir='ltr'><strong>EntdeckungAmm&#39;kas</strong></span> <span class='ocrx_word' id='word_1_376' title='bbox 1446 2985 1553 3019; x_wconf 80' lang='lat' dir='ltr'><strong>durch</strong></span> <span class='ocrx_word' id='word_1_377' title='bbox 1566 2985 1753 3020; x_wconf 81' lang='lat' dir='ltr'><strong>Columbus</strong></span> <span class='ocrx_word' id='word_1_378' title='bbox 1764 2985 1902 3034; x_wconf 79' lang='lat' dir='ltr'><strong>versasst</strong></span> 
     </span>
     <span class='ocr_line' id='line_1_41' title="bbox 91 3038 1879 3086; baseline 0 -13"><span class='ocrx_word' id='word_1_379' title='bbox 91 3049 160 3072; x_wconf 72' lang='lat' dir='ltr'><strong>vo‘n</strong></span> <span class='ocrx_word' id='word_1_380' title='bbox 175 3065 183 3073; x_wconf 87' lang='grc'><strong>.</strong></span> <span class='ocrx_word' id='word_1_381' title='bbox 198 3065 206 3073; x_wconf 88' lang='grc'><strong>.</strong></span> <span class='ocrx_word' id='word_1_382' title='bbox 221 3065 228 3072; x_wconf 95' lang='grc'><strong>.</strong></span> <span class='ocrx_word' id='word_1_383' title='bbox 237 3039 316 3086; x_wconf 79' lang='lat' dir='ltr'><strong>Joh.</strong></span> <span class='ocrx_word' id='word_1_384' title='bbox 338 3039 514 3073; x_wconf 63' lang='lat' dir='ltr'><strong>Christian</strong></span> <span class='ocrx_word' id='word_1_385' title='bbox 529 3038 625 3072; x_wconf 68' lang='lat' dir='ltr'><strong>Alofs</strong></span> <span class='ocrx_word' id='word_1_386' title='bbox 639 3038 759 3080; x_wconf 73' lang='lat' dir='ltr'><strong>Mickl,</strong></span> <span class='ocrx_word' id='word_1_387' title='bbox 777 3039 837 3073; x_wconf 90' lang='lat' dir='ltr'><strong>ed.</strong></span> <span class='ocrx_word' id='word_1_388' title='bbox 854 3039 1002 3074; x_wconf 87' lang='lat' dir='ltr'><strong>Rudolf</strong></span> <span class='ocrx_word' id='word_1_389' title='bbox 1013 3040 1310 3086; x_wconf 84' lang='lat' dir='ltr'><strong>Schmidtmayer</strong></span> <span class='ocrx_word' id='word_1_390' title='bbox 1327 3039 1361 3073; x_wconf 89' lang='lat' dir='ltr'><strong>S.</strong></span> <span class='ocrx_word' id='word_1_391' title='bbox 1379 3039 1475 3073; x_wconf 86' lang='lat' dir='ltr'><strong>Ord.</strong></span> <span class='ocrx_word' id='word_1_392' title='bbox 1493 3039 1582 3072; x_wconf 90' lang='lat' dir='ltr'><strong>Cist.</strong></span> <span class='ocrx_word' id='word_1_393' title='bbox 1600 3039 1736 3083; x_wconf 85' lang='lat' dir='ltr'><strong>(Wien,</strong></span> <span class='ocrx_word' id='word_1_394' title='bbox 1758 3039 1879 3083; x_wconf 83' lang='grc'>1902).</span> 
     </span>
    </p>
   </div>
  </div>
 </body>
</html>
