2086 3464
720 176 932 210 Auel-:LA
956 178 1242 211 M1N1cucm
1791 170 1879 211 503

415 334 582 374 malum
602 343 783 374 coactus
803 337 878 390 qui
900 350 1031 376 suum
1051 338 1256 377 officium
1277 338 1394 385 facit,

413 400 525 440 dum
544 400 592 440 id
612 401 822 441 rescitum
842 402 893 442 iri
915 403 1069 451 credit,
1091 404 1306 458 tantisper
1324 410 1461 451 cavet;

413 467 448 507 si
469 475 619 521 sperat
639 467 738 508 fore
757 467 884 516 clam,
907 482 1056 510 rursus
1076 469 1134 510 ad
1153 469 1385 524 ingenium
1406 468 1522 510 redit

1326 536 1400 587 (cf.
1420 549 1483 575 W.
1505 534 1683 586 69-71).

78 632 215 672 Haud
234 646 315 687 per
332 646 535 672 errorem
553 632 778 673 Thomam
797 642 908 687 puto
927 635 1151 689 scripsisse
1171 634 1409 675 “malum”:
1428 649 1581 675 casum
1599 636 1722 675 enim
1741 635 1888 676 ablati·

77 712 182 738 vum
208 699 255 738 in
280 699 577 738 accusativum
603 698 809 739 consulto
836 709 1025 748 mutans,
1054 714 1155 741 mea
1179 700 1364 755 quidem
1389 702 1623 749 sententia,
1650 701 1885 742 clariorem

79 765 176 805 fieri
201 773 320 805 ratus
342 773 410 805 est
431 764 515 805 loci
539 765 928 820 significationem,
951 780 1054 807 cum
1077 766 1273 808 “malum
1294 766 1445 808 cavet’'
1467 766 1633 808 valeret
1655 767 1807 808 “cavet
1829 782 1885 809 ne

79 831 194 872 male
215 831 358 880 faciat,
379 846 436 872 ne
456 825 694 888 peccet.‘'¹¹
717 832 996 874 “Ieiunium''
1016 834 1246 875 affirmans
1266 834 1351 875 “ad
1370 834 1589 875 luxuriam
1608 834 1885 876 domandam

79 932 88 940 .
105 932 114 940 .
131 932 140 940 .
161 899 441 940 laudabiliter
459 900 506 940 in
525 900 650 940 omni
671 899 769 955 lege
789 901 1187 942 commendatum''
1207 901 1316 943 illud
1333 902 1531 943 Terentii
1552 903 1738 957 profert:
1761 903 1885 944 “sine

78 966 246 1006 Cerere
266 974 313 1006 et
332 966 494 1006 Libero
516 967 649 1021 friget
666 967 845 1007 Venus”
868 967 941 1018 (cf.
961 968 1071 1008 Eun.
1094 961 1251 1019 732).¹²

145 1032 206 1072 Ex
230 1032 466 1072 Annalibus
494 1032 696 1072 Caesaris
722 1032 837 1073 illius
865 1033 1043 1073 Baronii
1073 1035 1196 1089 quasi
1225 1048 1251 1074 e
1279 1035 1406 1074 fonte
1434 1034 1665 1075 uberrimo
1694 1035 1886 1090 plurima

77 1097 224 1138 hausit
237 1097 435 1138 Thomas
453 1098 754 1153 Campanella.
772 1099 833 1139 Ut
848 1099 1106 1154 exemplum
1121 1114 1264 1141 unum
1281 1101 1524 1155 proferam,
1541 1101 1588 1141 in
1603 1100 1718 1141 libro
1734 1102 1783 1142 de
1798 1102 1886 1142 vita

78 1165 230 1204 Christi
251 1165 289 1205 II
311 1164 369 1204 de
391 1164 485 1205 sole
506 1164 747 1205 obscurato
769 1174 816 1205 et
836 1165 894 1206 de
917 1166 1111 1206 tenebris
1134 1166 1267 1221 longe
1290 1166 1466 1222 lateque
1488 1167 1661 1208 obortis
1683 1168 1814 1208 simul
1836 1182 1886 1208 ac

77 1231 198 1272 Iesus
216 1232 264 1272 in
282 1245 462 1272 crucem
481 1231 678 1272 sublatus
696 1241 764 1272 est
782 1234 1023 1273 sententias
1041 1234 1237 1274 invenias
1256 1242 1302 1274 et
1320 1234 1531 1289 Origenis
1550 1243 1596 1275 et
1614 1234 1884 1290 Phlegontis,

77 1299 304 1353 scriptoris
329 1298 442 1338 illius
468 1299 683 1338 Hadriani
710 1299 868 1347 liberti,
895 1308 941 1339 et
965 1300 1140 1340 Eusebii
1166 1309 1212 1340 et
1234 1301 1492 1340 Tertulliani
1518 1310 1565 1341 et
1588 1302 1812 1341 S.Luciani
1839 1312 1885 1342 et

77 1364 274 1418 Dionysii
298 1365 612 1419 Areopagitae:
636 1379 746 1419 quas
768 1367 1010 1406 sententias
1032 1380 1192 1406 omnes
1215 1367 1367 1421 paucis
1390 1368 1634 1407 immutatis
1658 1382 1684 1407 e
1707 1368 1724 1408 I
1745 1369 1887 1408 Anna-

76 1431 180 1470 lium
204 1430 432 1471 volumine
457 1431 747 1485 Campanella
771 1433 1001 1486 exscripsit
1025 1446 1172 1487 neque
1198 1433 1442 1473 Baronium
1468 1435 1745 1474 memoravit.
1772 1435 1884 1474 Item

76 1497 163 1538 hoc
178 1497 459 1538 contendens
474 1507 687 1553 quattuor
703 1499 979 1554 minimeque
995 1499 1133 1540 tribus
1148 1499 1276 1540 clavis
1290 1500 1438 1541 Iesum
1452 1501 1571 1541 cruci
1587 1514 1684 1541 esse
1699 1502 1885 1542 affixum

76 1564 135 1616 (“.
151 1597 160 1605 .
178 1597 186 1604 .
203 1565 273 1605 vix
288 1565 410 1605 enim
426 1566 625 1605 invenies
640 1565 854 1614 clavum,'’
871 1567 945 1615 ait,
963 1566 1066 1621 “qui
1084 1567 1111 1608 2
1128 1567 1267 1621 pedes
1283 1567 1414 1607 simul
1429 1582 1533 1608 cum
1550 1568 1671 1623 ligno
1689 1569 1888 1624 transfig-

75 1645 152 1671 ere
176 1631 365 1682 valeat”)
393 1631 617 1686 plautinae
640 1633 920 1672 Mostellariae
946 1633 1095 1673 locum
1121 1634 1349 1688 quendam
1377 1643 1555 1674 revocat
1579 1635 1626 1675 in
1649 1636 1884 1675 Annalibus

75 1698 306 1737 inventum
328 1698 573 1737 Baronium
594 1698 715 1738 haud
736 1712 1005 1739 memorans.

140 1764 398 1818 Antequam
415 1763 613 1804 Thomas
631 1765 921 1819 Campanella
941 1765 1178 1820 Theologica
1196 1780 1276 1806 sua
1292 1767 1466 1821 scripsit
1482 1767 1653 1807 iamdiu
1670 1768 1717 1807 in
1734 1781 1887 1822 quaes-

76 1830 200 1871 tione
223 1830 308 1871 fuit
330 1844 544 1871 numerus
566 1830 792 1872 clavorum
814 1831 976 1887 quibus
998 1832 1278 1888 Redemptor
1299 1834 1418 1874 cruci
1441 1842 1509 1874 est
1530 1834 1730 1875 suffixus.
1755 1834 1887 1875 Baro-

76 1897 175 1937 nius
203 1898 410 1953 Gregorii
439 1898 714 1939 Turonensis
742 1900 1010 1940 sententiam
1040 1914 1251 1940 revocans
1279 1900 1337 1941 de
1365 1909 1579 1956 quattuor
1607 1902 1884 1957 minimeque

75 1964 215 2005 tribus
248 1964 376 2005 clavis
409 1965 617 2005 adhibitis
650 1966 961 2007 Romanorum
995 1981 1171 2007 morem
1204 1982 1398 2022 corpora
1429 1969 1476 2008 in
1507 1983 1688 2009 crucem
1721 1969 1882 2023 agendi

74 2031 275 2085 quodam
298 2031 438 2071 modo
460 2032 646 2072 illustrat
664 2032 732 2072 vel
754 2034 903 2087 potius
924 2033 1141 2074 illustrare
1162 2043 1351 2074 conatur
1372 2035 1632 2075 testimonio
1654 2035 1742 2075 hoc
1764 2037 1884 2075 nisus

74 2111 100 2137 e
118 2098 375 2137 Mostellaria
396 2098 469 2149 (cf.
490 2112 553 2138 vv,
576 2099 769 2150 359-60)
789 2099 1079 2154 deprompto:

143 2197 236 2252 Ego
258 2197 377 2238 dabo
398 2199 439 2238 ei
462 2198 692 2247 talentum,
715 2200 884 2253 primus
905 2200 980 2254 qui
1001 2201 1049 2240 in
1068 2214 1248 2240 crucem
1268 2202 1583 2250 excucurrerit;

142 2264 223 2304 sed
243 2279 297 2305 ea
317 2264 428 2320 lege,
450 2274 500 2305 ut
518 2266 766 2320 offigantur
783 2266 851 2306 bis
872 2266 1024 2321 pedes,
1044 2267 1112 2307 bis
1130 2267 1349 2308 bracchia.

75 2365 183 2418 Quo
218 2378 244 2404 e
281 2364 382 2404 loco
419 2366 598 2405 Baronii
635 2367 857 2406 sententia
891 2367 1087 2406 efficitur
1122 2367 1284 2407 Christi
1322 2368 1461 2422 pedes
1497 2368 1750 2422 singillatim
1786 2382 1883 2408 esse

75 2431 324 2470 transfixos.
351 2431 455 2485 Qua
477 2431 662 2486 quidem
686 2432 733 2472 in
757 2446 804 2472 re
829 2433 1047 2473 Batonius
1070 2433 1192 2473 haud
1216 2442 1335 2473 recte
1360 2433 1497 2473 Plauti
1521 2447 1672 2474 versus
1695 2434 1793 2474 illos
1816 2444 1884 2474 est

74 2497 406 2552 interpretatus,
432 2499 508 2553 qui
536 2498 594 2539 de
620 2498 810 2554 pedibus
836 2508 883 2540 et
907 2499 965 2540 de
989 2499 1180 2540 brachiis
1206 2508 1310 2540 sunt
1335 2500 1458 2540 “bis''
1484 2501 1555 2541 i.e.
1583 2500 1722 2541 semel
1747 2510 1882 2556 atque

74 2565 238 2605 iterum
268 2565 336 2606 vel
366 2565 605 2621 dupliciter
635 2567 931 2622 perforandis:
963 2568 1033 2608 cui
1066 2581 1243 2623 poenae
1275 2568 1375 2608 novi
1408 2569 1584 2623 generis
1615 2569 1883 2624 irrogandae

73 2633 326 2687 geminatus
347 2632 573 2674 clavorum
597 2647 810 2675 numerus
833 2635 917 2675 fuit
937 2635 1219 2676 adhibendus
1240 2636 1301 2676 ita
1321 2644 1372 2676 ut
1391 2635 1573 2676 brachia
1591 2635 1707 2676 binis
1728 2637 1885 2691 offige-

75 2708 230 2740 rentur
244 2699 373 2741 clavis
389 2709 436 2741 et
450 2701 590 2756 pedes
606 2710 683 2742 aut
698 2701 876 2742 duobus
892 2702 1020 2743 clavis
1036 2717 1127 2743 una
1141 2703 1362 2758 simulque
1377 2703 1575 2758 impositi
1592 2711 1639 2743 et
1653 2704 1880 2744 coniuncti

156 2897 183 2918 ¹¹
201 2901 412 2936 Tommaso
430 2902 690 2950 Campanella,
709 2903 812 2944 ibid..
835 2904 917 2939 128.

157 2954 185 2977 ¹²
202 2959 413 2995 Tommaso
431 2961 691 3008 Campanella,
708 2962 805 2996 Delle
821 2963 915 2996 virtu
932 2973 950 2997 e
966 2963 1022 2997 dei
1038 2963 1109 2997 vizi
1127 2963 1166 2997 in
1180 2963 1388 3010 particolare
1406 2962 1477 3003 cit..
1497 2962 1556 2996 84.
1576 2962 1635 2996 Cf.
1654 2962 1731 2997 Cic.
1750 2963 1792 2997 de
1808 2964 1878 2997 nd.

74 3014 172 3055 2:23,
190 3014 250 3048 6οε
268 3015 432 3062 “Fruges
449 3015 635 3050 Cererem
652 3017 903 3063 appellamus,
919 3017 1050 3051 vinum
1069 3026 1199 3051 autem
1217 3017 1410 3057 Liberum,
1428 3028 1475 3050 ex
1491 3028 1571 3063 quo
1588 3017 1683 3050 illud
1698 3017 1881 3051 Terentii:

74 3066 162 3100 Sine
181 3067 325 3101 Cerere
344 3076 383 3101 et
401 3068 541 3102 Libero
560 3069 672 3115 friget
688 3069 855 3103 Venus.”
