2106 3458
723 206 986 238 HERMANN
1009 206 1258 238 WIEGAND
1799 198 1888 238 819

593 365 739 406 audax
757 366 912 406 omnia
931 367 1104 421 perpeti

660 445 770 486 gens
789 431 987 472 humana
1006 433 1094 472 ruit
1112 432 1160 472 in
1177 432 1364 472 vetitum
1384 423 1546 471 nefas³¹

91 545 229 587 quem
255 531 406 572 locum
433 531 620 572 Carrara
645 531 841 571 imitatus
867 544 964 571 esse
989 530 1176 571 videtur.
1204 530 1266 571 Ex
1290 529 1561 571 carminibus
1586 529 1895 570 Columbianis

91 599 224 639 unius
249 606 423 639 tantum
447 597 532 638 loci
559 597 835 646 reminiscor,
859 597 984 637 cuius
1008 597 1098 637 iam
1122 597 1402 637 mentionem
1428 596 1526 636 feci:
1551 597 1599 636 in
1622 596 1674 636 In
1696 596 1894 637 Nautjcis

91 665 384 706 Giannettasii
406 672 549 705 mater
566 664 734 705 Urania
751 663 1027 705 Columbum
1046 663 1322 712 adhortatur,
1342 671 1392 704 ut
1410 671 1651 718 antequam
1672 677 1753 718 per
1772 677 1894 704 mare

93 732 280 786 naviget,
301 731 539 771 Oceanum
559 730 716 785 placet:

424 830 543 870 Ante
562 829 643 869 sed
662 829 873 869 Oceanus
893 828 1147 883 placandus,
1169 829 1209 868 8c
1228 828 1415 868 humida
1434 829 1579 876 Doris,

424 895 554 944 Nate,
575 894 668 944 tibi,
690 894 917 950 facilisque
937 894 1068 935 simul
1087 895 1183 935 Dea
1201 894 1345 935 divitis
1365 894 1501 935 Orbis

424 963 680 1003 Ammerice
702 961 730 1013 [.
747 994 756 1002 .
772 954 842 1013 .]³²

92 1064 267 1104 Frustra
280 1076 469 1118 quaeres
484 1063 532 1103 in
547 1062 661 1103 libro
677 1062 938 1102 doctissimo
953 1061 1299 1117 Heydenreichii
1316 1061 1453 1110 locos,
1469 1061 1545 1102 ubi
1562 1061 1620 1101 de
1637 1060 1895 1102 hominibus

91 1130 160 1170 dis
185 1130 317 1170 maris
340 1130 461 1170 iratis
485 1128 772 1169 immolandis
795 1136 963 1183 agatur.
989 1128 1130 1183 Quod
1154 1127 1429 1168 Columbum
1453 1127 1647 1168 hostiam
1671 1127 1739 1168 dis
1764 1128 1896 1168 maris

91 1196 370 1237 caedendam
394 1204 523 1251 putat
543 1195 726 1237 Alvarus
750 1196 978 1244 Carrarae,
1003 1194 1203 1250 pluribus
1226 1209 1253 1235 e
1277 1194 1477 1235 fontibus
1501 1194 1698 1235 hausisse
1721 1194 1898 1235 videtur

92 1271 241 1319 poeta:
266 1263 483 1304 Sinonem
506 1262 702 1318 Vergilii,
727 1263 802 1318 qui
828 1276 875 1303 se
899 1263 1048 1317 ipsum
1071 1261 1265 1303 hostiam
1290 1254 1547 1311 nominat,³³
1572 1262 1768 1302 imitatus
1793 1270 1899 1302 est—

91 1344 220 1371 versu
246 1330 378 1371 106t0
399 1329 497 1370 libri
519 1330 628 1370 sexti
650 1330 864 1370 Carrarae
886 1337 1047 1370 nautae
1070 1328 1391 1370 tumultuantes
1411 1328 1687 1370 Columbum
1710 1328 1897 1369 “Italum

91 1396 336 1438 Sinonem”
366 1396 811 1451 appellant—necnon
838 1395 1042 1436 eiusdem
1071 1404 1234 1450 poetae
1263 1395 1533 1444 Palinurum,
1562 1396 1637 1450 qui
1668 1404 1897 1450 tamquam

92 1463 239 1503 hostia
261 1477 287 1503 a
308 1463 377 1502 dis
401 1455 654 1517 poscitur.³⁴
678 1463 833 1502 Fatum
855 1463 1022 1502 instans
1045 1462 1304 1516 Iphigeniae
1327 1475 1512 1516 quoque
1535 1470 1719 1515 poetam
1742 1462 1790 1501 in
1813 1462 1901 1501 ani·

93 1542 170 1569 mo
190 1528 397 1569 habuisse
416 1520 652 1568 credam.³⁵
672 1529 878 1582 Denique
898 1541 924 1567 e
943 1527 1118 1567 diverso
1138 1527 1194 1567 ab
1212 1527 1280 1567 his
1300 1528 1427 1567 fonte
1446 1528 1681 1567 Carraram
1700 1527 1897 1566 hausisse

92 1594 370 1636 contendere
404 1595 560 1635 ausim:
595 1595 732 1635 Ionae
765 1594 869 1634 dico
903 1593 1153 1649 prophetae
1187 1586 1508 1634 sacrificium.³⁶
1542 1593 1741 1634 Dubium
1775 1594 1898 1633 enim

92 1675 190 1702 esse
213 1675 307 1702 non
329 1669 455 1717 puto,
479 1661 589 1716 quin
610 1660 830 1701 sacerdoti
853 1661 1067 1701 Carrarae
1090 1674 1185 1701 sors
1207 1660 1320 1701 illius
1343 1659 1593 1715 prophetae
1615 1668 1719 1700 ante
1741 1659 1898 1700 oculos

94 1729 242 1777 fuerit,
265 1729 392 1769 cuius
415 1742 586 1768 nomen
609 1727 870 1768 Hebraeum
894 1727 1059 1768 “lona'’
1083 1728 1161 1768 viri
1186 1727 1307 1768 docti
1331 1728 1683 1782 interpretantur
1706 1726 1901 1767 “colum-

91 1786 282 1836 bam.'’³⁷
304 1795 434 1836 Hanc
456 1795 725 1835 sententiam
747 1802 932 1835 eventus
955 1795 1032 1843 rei,
1057 1808 1194 1849 quem
1217 1794 1404 1834 Carrara
1426 1793 1611 1849 quidem
1634 1794 1777 1848 fingit,
1802 1807 1901 1848 pro-

92 1861 200 1903 bare
229 1861 417 1902 videtur:
447 1861 630 1902 Alvarus
661 1862 830 1916 primus
859 1861 1199 1902 coniuratorum
1229 1861 1454 1916 praetoria
1483 1868 1627 1901 rostra
1655 1860 1898 1901 ascendere

93 1937 281 1970 conatus
302 1929 398 1984 ipse
421 1929 599 1984 patitur,
622 1928 748 1984 quod
770 1927 997 1969 Columbo
1019 1920 1368 1968 destinaverat.³⁸
1390 1927 1639 1968 Columbus
1661 1936 1827 1976 autem,
1850 1936 1900 1967 ut

94 1997 269 2037 animos
295 2004 532 2037 nautarum
557 1995 812 2051 tranquillet
834 2009 972 2051 seque
996 1996 1144 2051 ipsum
1170 1996 1424 2044 confirmet,
1449 1996 1662 2050 Spiritum
1686 1995 1898 2035 Sanctum

94 2064 283 2112 invocat,
306 2071 357 2103 ut
377 2064 525 2103 veniat
545 2077 625 2103 seu
649 2063 796 2103 forma
817 2062 993 2117 linguae
1015 2063 1174 2117 igneae
1197 2076 1277 2102 seu
1298 2063 1447 2117 specie
1469 2055 1762 2102 columbae.³⁹
1785 2062 1902 2102 Con-

94 2129 211 2170 sulto
245 2138 365 2169 vates
402 2138 556 2169 noster
589 2130 803 2183 Spiritum
838 2129 1049 2168 Sanctum
1083 2129 1155 2168 hic
1191 2129 1355 2183 propio
1392 2129 1577 2168 nomine
1612 2127 1898 2182 appellavisse

93 2195 269 2235 videtur
293 2194 639 2249 mythologicam
663 2195 1123 2249 circumscriptionem
1145 2194 1444 2248 Vergilianam
1468 2194 1649 2242 evitans,
1673 2207 1762 2248 qua
1785 2193 1899 2233 libro

175 2446 204 2468 ³¹
223 2452 420 2493 Horatius,
438 2463 595 2486 carmen
617 2451 733 2487 1.3.21
755 2463 837 2499 sqq.

175 2504 207 2527 ³²
224 2510 283 2546 Cf.
301 2511 346 2546 A.
369 2510 426 2552 12,
444 2523 508 2558 op.
527 2510 600 2552 cit.,
618 2510 704 2546 245.

175 2563 207 2586 ⁸⁸
224 2570 283 2605 Cf.
301 2570 456 2618 Vergilii
473 2570 690 2604 Aeneidem
708 2569 820 2605 2154
838 2581 893 2617 sq.

175 2622 207 2645 ³¹
224 2629 302 2677 Op.
321 2629 394 2670 cit.,
413 2628 524 2663 5835
543 2640 625 2676 sqq.

176 2681 208 2705 ⁸⁵
224 2688 284 2724 Cf.
302 2701 385 2737 e.g.,
403 2688 626 2723 Lucretium
647 2687 729 2723 1.82
747 2700 829 2736 sqq.

176 2741 208 2764 ³⁶
228 2747 288 2783 Cf.
310 2747 418 2783 Hans
440 2747 624 2790 Schmidt,
634 2747 740 2796 Jona,
763 2747 853 2782 Eine
875 2747 1142 2796 Untersuclmng
1158 2758 1225 2782 zur
1241 2746 1518 2795 veigleichenden
1538 2746 1903 2795 Religionsgeschichte

96 2802 337 2850 (Gottingen,
359 2800 484 2846 1907),
502 2801 551 2836 96
569 2813 651 2849 sqq.

176 2854 208 2877 ⁸⁷
224 2860 283 2895 Cf.
300 2872 383 2907 e.g.,
399 2860 683 2906 Hieronymum
700 2859 920 2901 Lauretum,
935 2860 1033 2894 Silva
1048 2860 1293 2907 allegoriarum
1311 2860 1415 2893 totius
1431 2859 1556 2893 Sacrae
1570 2859 1768 2906 Scriptum
1782 2859 1900 2906 (repr.

97 2914 308 2955 Munchen,
330 2913 455 2958 1971),
473 2912 559 2948 579:
578 2913 702 2955 Ionas,
718 2913 759 2948 id
777 2921 835 2948 est
851 2914 1040 2949 columba.

177 2966 209 2988 ³⁸
226 2972 398 3014 Carrara,
417 2983 481 3020 op.
500 2972 560 3006 cit.
578 2972 639 3016 (A.
657 2971 734 3016 22),
752 2971 787 3014 6,
809 2972 891 3014 132,
908 2983 940 3006 v.
959 2972 1121 3008 230-44.

177 3024 210 3047 ⁸⁹
226 3031 304 3079 Op.
322 3031 396 3072 cit„
414 3031 449 3072 6,
472 3030 554 3071 134,
571 3041 604 3064 v.
622 3030 696 3066 294
714 3042 796 3078 sqq.
