2086 3464
219 219 308 259 500
823 227 1047 259 THOMAs
1071 228 1425 260 CAMPANELLA

220 400 469 440 permagno
490 386 566 426 illo
588 386 796 426 omnium
818 399 969 426 rerum
991 386 1202 427 thesauro
1224 387 1490 442 plerumque
1511 387 1658 428 hausit
1677 401 1727 428 ac
1747 387 2032 444 deprompsit

219 454 266 493 in
294 466 375 492 sua
402 453 540 507 ipsius
570 453 792 492 memoria
819 452 1006 504 abdito).
1038 453 1169 507 Quae
1198 453 1383 508 quidem
1410 453 1625 494 volutanti
1656 454 1764 495 mihi
1793 455 2030 496 verisimile

218 520 361 559 visum
397 527 466 559 est
500 519 781 560 Graecorum
817 527 863 559 et
898 519 1160 560 Latinorum
1197 521 1383 560 nomina
1417 534 1669 576 eorumque
1705 522 1948 562 sententias
1983 522 2031 563 in

219 587 403 642 paginas
432 600 458 627 a
484 586 663 627 Thoma
691 594 889 627 exaratas
918 586 1193 642 quandoque
1223 586 1483 642 perfluxisse
1513 601 1569 628 ex
1596 587 1810 643 operibus
1839 588 2030 630 aliorum

219 654 490 708 scriptorum
509 654 828 702 recentiorum,
846 667 963 708 quae
980 654 1020 694 ei
1038 654 1086 694 in
1104 654 1308 694 manibus
1326 655 1466 694 fuere.
1485 655 1639 709 Itaque
1656 654 1744 695 hoc
1763 655 1871 696 mihi
1888 656 2031 696 visum

219 729 285 760 est
298 719 678 775 pervestigandum
694 734 843 760 nonne
857 720 1014 760 eadem
1027 720 1093 760 vel
1107 720 1259 760 similia
1271 735 1297 760 a
1310 721 1467 761 latinis
1480 721 1759 776 scriptoribus
1772 721 1962 762 derivata
1973 723 2034 762 in-

218 787 413 827 venirem
428 795 474 827 et
487 786 607 841 apud
619 786 840 826 Thomam
855 794 900 826 et
914 786 1033 841 apud
1047 786 1151 827 alios
1167 788 1397 841 scriptores
1410 787 1609 827 Thomae
1625 796 1767 828 notos.
1782 789 1823 828 A
1836 788 2031 829 Caesaris

220 854 394 894 Baronii
408 853 636 894 Annalibus
649 853 923 894 Ecclesiasticss
937 853 1109 894 initium
1124 853 1240 894 duxi.
1256 854 1340 894 Res
1353 853 1468 894 bene
1485 854 1704 909 processit:
1718 855 1897 895 Annales
1911 855 2031 896 enim

220 921 472 976 pervolvens
500 935 554 961 ex
580 922 642 961 eis
668 921 752 961 vidi
781 921 827 961 in
857 921 1086 976 Theologica
1113 920 1280 962 Calabri
1309 921 1557 977 philosophi
1587 921 1722 962 multa
1748 923 1952 977 migrasse
1979 936 2034 963 ex

219 988 427 1042 operibus
440 988 707 1042 deprompta
720 1002 812 1028 non
826 988 964 1028 modo
977 997 1174 1028 veterum
1187 989 1448 1042 scriptorum
1461 988 1794 1029 christianorum
1808 989 1886 1029 sed
1899 990 2031 1030 etiam

220 1055 498 1109 superiorum
531 1055 792 1108 scn‘ptorum
825 1062 870 1094 et
902 1055 1155 1094 Latinomm
1188 1063 1233 1094 et
1264 1055 1546 1094 Graecorum:
1580 1055 1825 1095 cuiusmodi
1859 1056 2033 1095 inventa

219 1120 385 1175 aliquot
402 1121 515 1160 infra
534 1134 786 1174 proponere
806 1134 968 1174 operae
989 1121 1178 1174 pretium
1199 1120 1303 1160 mihi
1324 1134 1418 1160 esse
1437 1120 1617 1160 videtur.

1069 1255 1188 1307 §§§

220 1388 358 1428 Plauti
377 1397 424 1428 et
438 1388 636 1428 Terentii
656 1387 906 1428 fabularum
923 1387 1047 1428 locos
1065 1388 1186 1428 haud
1203 1387 1367 1428 multos
1383 1389 1430 1428 in
1449 1388 1695 1443 Theologicis
1711 1389 1921 1429 invenias.
1939 1389 2031 1444 Qui

220 1454 406 1509 quidem
425 1454 510 1494 loci
532 1454 639 1494 mihi
660 1454 974 1494 considerandi
994 1454 1202 1494 videntur
1219 1468 1309 1494 una
1326 1468 1430 1494 cum
1449 1454 1556 1494 locis
1574 1455 1807 1509 utriusque
1826 1462 1990 1509 poetae
2008 1468 2034 1495 a

218 1521 397 1562 Thoma
419 1522 467 1562 in
490 1521 705 1576 operibus
728 1521 786 1561 de
811 1529 904 1561 arte
929 1522 1107 1576 poetica
1131 1522 1344 1561 revocatis
1370 1535 1549 1561 necnon
1572 1535 1675 1562 cum
1700 1522 1931 1562 sententiis
1953 1522 2032 1562 viri

220 1589 334 1629 illius
351 1588 597 1629 doctissimi
617 1597 664 1629 et
680 1588 738 1629 de
757 1588 912 1629 Plauto
931 1597 977 1629 et
993 1588 1051 1629 de
1068 1589 1295 1629 Terentio.
1316 1589 1447 1643 Quae
1465 1589 1620 1629 omnia
1636 1602 1727 1629 una
1743 1588 2032 1629 considerans

219 1656 306 1697 vidi
334 1656 535 1711 mihique
559 1657 714 1711 aperui
741 1656 1078 1711 Campanellam
1103 1655 1241 1696 multa
1264 1655 1460 1696 hausisse
1484 1664 1530 1696 et
1552 1670 1578 1696 e
1602 1657 1780 1697 Ioannis
1804 1656 2032 1697 Boccaccii

222 1724 473 1778 Genealogia
497 1724 662 1763 deorum
683 1724 903 1778 gentilium
927 1732 973 1763 et
997 1737 1022 1763 e
1047 1724 1248 1763 Caesaris
1273 1724 1451 1763 Baronii
1475 1724 1710 1763 Annalibus
1731 1723 2031 1764 Ecclesiasticis:

221 1790 347 1845 quod
367 1790 425 1830 ad
447 1790 652 1830 Plautum
673 1799 719 1830 et
739 1790 796 1830 ad
815 1791 1079 1830 Terentium
1100 1791 1271 1838 attinet,
1293 1804 1383 1830 una
1403 1804 1506 1830 cum
1525 1790 1760 1830 Annalibus
1782 1790 2033 1844 Genealogia

221 1871 405 1911 quoque
427 1858 474 1897 in
495 1870 688 1897 numero
710 1856 919 1897 habenda
938 1865 1006 1897 est
1026 1857 1222 1896 fontium
1242 1870 1356 1911 quos
1377 1856 1566 1897 Calaber
1585 1856 1657 1896 ille
1679 1864 1858 1911 praesto
1879 1856 2036 1897 habuit

221 1923 530 1978 adhibuitque.

289 1991 419 2045 Opus
438 1990 548 2030 illud
566 1990 624 2030 de
644 1999 738 2030 arte
758 1991 937 2045 poetica
954 2004 980 2030 a
996 1990 1174 2030 Thoma
1191 2004 1311 2030 anno
1336 1990 1466 2030 1596·
1490 1990 1662 2030 Romae
1680 1990 1728 2030 in
1745 1989 1972 2030 coenobio
1990 1989 2032 2030 S.

221 2057 410 2096 Sabinae
449 2057 598 2096 dicato
639 2057 787 2096 Italice
826 2058 1132 2110 conscriptum
1171 2057 1334 2110 legenti
1375 2065 1499 2110 patet
1536 2056 1870 2096 adulescentem
1909 2055 2034 2096 illum

222 2122 492 2176 singularem
518 2123 565 2162 in
590 2123 689 2176 ipso
717 2122 830 2162 flore
856 2123 1010 2162 aetatis
1036 2122 1191 2173 (XVIII
1217 2123 1339 2161 enim
1364 2135 1506 2161 annos
1533 2130 1661 2161 natus
1686 2121 1799 2172 erat)
1824 2121 1963 2161 Plauti
1989 2129 2036 2161 et

220 2189 418 2228 Terentii
441 2188 703 2228 comoedias
724 2188 925 2243 quodam
947 2188 1088 2228 modo
1110 2188 1283 2228 novisse
1304 2202 1551 2242 earumque
1572 2187 1772 2228 studiose
1794 2186 2034 2242 perlegisse

222 2263 298 2296 aut
329 2255 565 2296 nonnullas
596 2263 673 2296 aut
701 2264 822 2296 certe
854 2263 1001 2310 partes
1031 2255 1212 2310 aliquot.
1245 2255 1352 2310 Quo
1383 2255 1430 2296 in
1458 2269 1599 2310 opere
1630 2263 1814 2310 poetam
1843 2254 2036 2295 laudavit

222 2331 466 2379 utrumque
489 2324 564 2379 qui
589 2323 754 2364 liberae
778 2324 840 2364 rei
866 2322 1069 2379 publicae
1093 2322 1373 2378 temporibus
1394 2336 1498 2363 vera
1520 2322 1740 2378 populum
1764 2321 1922 2363 fabulis
1944 2322 2034 2363 suis

222 2391 434 2431 scaenicis
449 2391 705 2431 edocuisset
720 2405 788 2431 res
803 2399 1077 2446 pertractans
1091 2391 1148 2431 ad
1163 2390 1401 2431 hominum
1414 2391 1548 2431 vitam
1562 2391 1814 2431 attinentes.
1828 2389 2033 2430 Th0mae

222 2459 344 2498 enim
361 2459 584 2498 sententia
599 2459 759 2513 optimi
777 2459 993 2513 cuiusque
1011 2467 1174 2513 poetae
1190 2467 1258 2498 est
1271 2459 1385 2498 cives
1400 2472 1515 2507 vera,
1532 2457 1655 2498 bona
1669 2466 1715 2497 et
1729 2457 1853 2497 utilia
1867 2456 2034 2497 docere

222 2540 388 2581 eosque
408 2526 670 2567 carminibus
690 2526 903 2566 adiuvare.
926 2526 970 2566 Ei
991 2540 1094 2566 vero
1116 2540 1369 2581 persuasum
1389 2540 1527 2581 usque
1548 2526 1629 2566 fuit
1647 2523 1873 2580 “poema,'‘
1894 2533 1944 2565 ut
1961 2524 2032 2574 ait,

222 2594 279 2634 ad
308 2594 428 2634 bona
458 2594 683 2634 suadenda
714 2593 1104 2633 “instrumentum’'
1137 2607 1231 2633 esse
1262 2594 1464 2633 omnium
1495 2594 1727 2647 optimum,
1759 2593 1898 2632 immo
1929 2605 2034 2632 vero

223 2660 508 2715 “magicum.''
531 2660 799 2700 Comoedias
821 2660 992 2715 plurimi
1016 2661 1117 2699 fecit
1136 2674 1248 2714 quae
1269 2673 1370 2699 cum
1391 2659 1616 2714 speculum
1637 2667 1782 2699 essent
1801 2658 2035 2699 hominum

221 2728 331 2766 vitae
346 2735 528 2766 cunctae
544 2735 638 2766 tum
653 2728 991 2766 instrumentum
1006 2727 1208 2766 omnium
1223 2727 1492 2780 aptissimum
1507 2725 1563 2765 ad
1578 2739 1723 2765 mores
1737 2724 2033 2779 corn‘gendos.

223 2794 322 2832 Eius
344 2794 464 2832 enim
487 2794 701 2832 sententia
721 2794 896 2832 virtutes
918 2801 963 2831 et
982 2793 1093 2839 vitia,
1116 2792 1272 2846 quibus
1294 2792 1526 2831 hominum
1548 2792 1750 2831 omnium
1771 2791 1856 2830 vita
1877 2791 2035 2830 referta

223 2867 367 2907 scatet,
384 2859 540 2898 comici
558 2867 716 2912 poetae
731 2858 1019 2912 depingentes
1034 2866 1079 2897 et
1093 2866 1392 2912 proponentes
1408 2857 1594 2897 ridendo
1609 2857 1816 2911 castigant
1830 2869 1976 2896 mores
1990 2864 2036 2896 et

223 2924 278 2965 ad
299 2933 415 2965 recte
434 2924 667 2965 vivendum
687 2925 798 2965 cives
818 2925 996 2965 invitant
1014 2932 1144 2979 atque
1164 2923 1392 2979 impellunt
1409 2923 1604 2979 quodam
1624 2915 1795 2964 modo.l

306 3053 316 3075 ¹
333 3058 544 3092 Tommaso
561 3058 823 3106 Campanella,
841 3057 1039 3091 “poetica”
1056 3057 1096 3091 in
1115 3057 1216 3091 Tutte
1231 3057 1262 3091 le
1276 3062 1374 3105 opere
1388 3057 1426 3091 di
1445 3057 1628 3091 Tommaso
1645 3055 1889 3105 Campanella,
1906 3067 1928 3090 a
1943 3067 2036 3090 cura
