2106 3458
219 204 309 244 812
815 212 1142 256 ANTIQUITAS
1166 212 1434 245 SUPERATA

219 371 515 426 Reliquorum
559 379 798 426 poetarum
841 372 1188 425 praestantiores
1230 371 1390 412 ordine
1433 380 1694 427 temporum
1734 372 1929 413 breviter
1970 387 2034 414 re-

219 437 431 486 censebo,
455 437 536 477 sed
557 438 631 486 ita,
654 445 705 477 ut
726 451 781 477 ea
802 445 977 477 tantum
999 438 1047 477 in
1069 437 1271 478 medium
1294 438 1537 493 proferam,
1560 452 1676 494 quae
1700 452 1828 479 meae
1850 438 1909 480 de
1931 439 2035 480 Car-

220 518 345 545 rarae
381 505 579 545 carmine
615 504 1101 545 commentatiunculae
1135 505 1234 545 usui
1272 505 1371 545 fore
1407 505 1592 561 possint.
1629 505 1783 546 Petrus
1817 505 2031 562 Angelius

220 573 444 627 Bargaeus
470 571 584 612 libro
611 579 737 612 sexto
762 572 956 627 Syr-iadis,
982 585 1118 627 quam
1143 572 1240 612 iure
1266 571 1466 627 quodam
1491 572 1688 628 appelles
1710 573 2032 629 Hierosolymam

220 640 432 680 liberatam
459 639 614 679 Latine
639 632 929 687 confectam,⁴
954 639 1210 679 vaticinium
1236 639 1294 679 de
1322 639 1563 694 “Ligurum
1589 632 1805 680 decore''⁵
1830 640 2030 690 inseruit,

220 720 313 762 quo
333 706 520 746 nomine
539 713 677 761 poeta
695 705 1077 760 Christophorum
1097 714 1325 761 tamquam
1343 705 1533 746 alterum
1552 706 1867 748 Godefredum
1886 714 2031 748 terrae

220 781 398 814 sanctae
432 772 721 813 liberatorem
755 780 899 821 ornat,
933 780 984 812 ut
1015 772 1164 813 Italiae
1197 772 1386 827 gloriam
1420 773 1522 813 novi
1556 772 1678 814 orbis
1710 773 2030 815 Christianitati

220 839 385 880 addicti
400 839 608 880 vindicet.
623 839 766 894 Magis
780 853 917 894 quam
932 839 1155 894 Bargaeus
1168 838 1414 894 Vergilium
1428 840 1625 880 imitatus
1639 839 1854 895 estJulius
1868 840 2033 881 Caesar

220 899 372 947 Stella⁶
388 907 587 947 carmine
603 905 781 946 iuvenili
801 906 1073 954 Columbeide,
1090 905 1216 960 quod
1233 906 1429 961 pn‘mum
1446 905 1609 961 publici
1626 907 1733 947 iuris
1750 907 1918 948 factum
1934 920 2031 948 esse

219 973 396 1014 videtur
429 972 621 1013 Londini
656 986 777 1013 anno
814 963 961 1013 1585.⁷
995 973 1103 1027 Quo
1136 973 1183 1013 in
1215 973 1412 1013 carmine
1445 972 1577 1013 Stella
1609 972 1770 1013 nobilis
1802 973 2033 1014 Romanus

221 1040 436 1080 Francisci
456 1040 592 1079 Benci
612 1039 703 1094 S.J.
724 1038 967 1093 discipulus
985 1053 1069 1094 pro
1089 1039 1263 1079 Iunone
1279 1038 1533 1093 Vergiliana
1549 1038 1781 1080 diabolum
1798 1039 2032 1081 inimicum

221 1105 410 1147 consilio
442 1106 525 1146 Dei
557 1105 918 1146 Christianorum
949 1105 1134 1154 inducit,
1165 1106 1241 1160 qui
1274 1113 1474 1146 mentem
1504 1106 1680 1146 Ascanii
1712 1105 1945 1147 cuiusdam
1975 1105 2034 1147 ad

222 1172 466 1214 tumultum
489 1181 647 1214 contra
670 1172 948 1213 Columbum
972 1172 1229 1213 faciendum
1252 1173 1459 1222 concitat,
1483 1180 1534 1213 ut
1555 1172 1627 1213 ille
1650 1186 1831 1214 cursum
1855 1173 2034 1214 navium

222 1249 367 1282 mutet
386 1248 599 1296 retroque
617 1241 665 1281 in
683 1241 873 1295 patriam
890 1248 1043 1280 vertat.
1062 1241 1122 1280 At
1138 1240 1173 1280 is
1192 1240 1398 1280 oratione
1415 1239 1669 1295 Vergiliana
1685 1240 1833 1281 Deum
1851 1248 1964 1290 orat,
1983 1248 2035 1281 ut

221 1322 269 1349 se
302 1308 494 1358 adiuvet,
527 1308 633 1363 quia
665 1321 748 1348 nec
781 1307 975 1363 praedae
1009 1321 1091 1348 nec
1123 1308 1299 1363 imperii
1333 1307 1545 1363 cupidine
1577 1315 1834 1348 commotus
1866 1321 2034 1349 novum

221 1375 382 1416 orbem
402 1375 526 1416 adire
545 1374 661 1424 velit,
682 1374 763 1415 sed
781 1383 832 1415 ut
849 1389 1010 1415 omnes
1029 1383 1185 1430 gentes
1205 1375 1352 1415 Deum
1370 1388 1526 1415 verum
1545 1383 1790 1430 agnoscant
1807 1382 1854 1416 et
1870 1374 2033 1416 colant.

222 1443 304 1483 Dei
341 1443 523 1483 nuntius
558 1450 732 1483 mentes
768 1450 1005 1482 nautarum
1038 1442 1085 1482 in
1119 1441 1276 1482 melius
1311 1450 1466 1491 mutat,
1501 1450 1547 1482 et
1579 1441 1934 1497 Christophorus
1965 1441 2034 1483 vel

221 1510 464 1550 Ascanium
480 1509 722 1564 persuadet
735 1509 821 1549 iter
836 1508 1059 1563 reliquum
1073 1509 1313 1549 conficere.
1331 1509 1529 1549 Breviter
1542 1508 1674 1549 Stella
1688 1508 1755 1549 his
1768 1508 1913 1549 verbis
1927 1522 2034 1549 usus

221 1577 410 1631 Spiritus
430 1576 576 1616 Sancti
600 1576 881 1616 mentionem
903 1576 1019 1615 facit:

293 1708 302 1716 .
319 1708 328 1716 .
345 1708 354 1716 .
375 1675 474 1716 Tibi
496 1689 612 1730 quae
633 1675 772 1715 corda
791 1675 954 1724 abdita,
976 1683 1126 1715 sancte

291 1743 493 1796 Spin'tus,
515 1741 752 1781 aethereos
773 1741 898 1781 afflas
918 1742 993 1795 qui
1016 1741 1217 1781 sensibus
1237 1741 1397 1795 ignes?.
1414 1773 1423 1781 .
1440 1733 1471 1781 ‚⁸

222 1850 273 1882 ut
292 1841 502 1882 divinitus
524 1849 714 1882 mutatas
736 1849 910 1881 mentes
930 1840 1110 1881 indicet.

291 1909 524 1950 Proximus
556 1908 718 1949 ordine
748 1909 1010 1949 Vincentius
1042 1907 1235 1949 Placcius
1266 1907 1620 1963 Hamburgensis
1651 1906 1901 1948 admodum
1932 1906 2037 1948 adu·

223 1977 393 2018 lescens
426 1976 580 2018 laudes
612 1976 823 2017 Columbi
857 1977 1055 2017 carmine
1087 1977 1218 2032 epico
1250 1975 1478 2017 ubern'me
1511 1976 1628 2016 notis
1660 1975 1882 2016 adornato
1914 1988 2038 2031 prae·

223 2044 396 2086 dicavit.
421 2045 561 2085 Cuius
582 2045 764 2085 Atlantis
787 2050 929 2085 retecta
952 2052 1020 2084 ter
1042 2036 1182 2084 edita⁹
1205 2043 1429 2099 discrepat
1449 2057 1553 2084 cum
1576 2042 1670 2084 aliis
1692 2043 1852 2099 poetis,
1876 2043 1951 2099 qui
1975 2042 2034 2084 de

222 2113 432 2153 Amen'ca
457 2113 637 2152 inventa
662 2112 936 2160 cecinerunt,
964 2125 1067 2152 cum
1093 2111 1381 2160 Atlantidem,
1409 2125 1546 2166 quam
1573 2124 1701 2151 more
1728 2109 1962 2151 Claudiani
1989 2118 2036 2151 et

224 2178 386 2219 saeculi
408 2179 474 2218 sui
495 2179 634 2232 ipsius
654 2192 850 2232 persona
869 2179 974 2218 ficta
992 2178 1165 2218 inducit
1183 2186 1464 2232 querentem,
1485 2177 1610 2232 quod
1631 2177 1837 2217 nondum
1856 2177 2036 2217 inventa

224 2368 450 2403 lombienne
469 2395 476 2403 .
492 2395 500 2403 .
515 2368 547 2403 .'’
565 2368 605 2403 in
623 2368 789 2416 Colloque
805 2368 833 2402 l'
845 2369 968 2416 §pope‘e
980 2368 1200 2415 greco-latine
1214 2373 1245 2402 et
1258 2378 1308 2402 ses
1321 2367 1597 2415 prolongements
1612 2368 1804 2415 europeem,
1825 2366 1984 2414 Calliope
1998 2365 2031 2401 2.

224 2424 286 2458 ed.
305 2423 348 2458 R.
367 2423 579 2465 Chevalier,
598 2423 727 2468 (Paris,
750 2423 874 2467 1982),
893 2421 1054 2459 237-54.

304 2476 320 2498 ⁴
342 2482 401 2517 Cf.
425 2482 524 2517 Petri
547 2482 684 2530 Angeli
707 2482 865 2530 Bargaei
885 2481 1050 2516 Poe‘mata
1072 2482 1212 2515 omnia.
1229 2508 1236 2515 .
1252 2508 1259 2515 .
1277 2508 1285 2523 ‚
1308 2481 1482 2526 (Romaez
1505 2480 1558 2515 Ex
1579 2480 1830 2528 typographia
1851 2479 2035 2514 Francisci

225 2536 383 2579 Zanetti‚
403 2536 701 2581 M.D.LXXXV)‚
719 2535 880 2584 Syriados
898 2535 978 2570 libri
993 2546 1050 2570 sex
1063 2535 1204 2583 priores,
1224 2534 1423 2569 6.168-69.

305 2590 321 2613 ⁵
338 2597 487 2632 Eodem
504 2597 593 2632 loco
614 2597 696 2639 168,
714 2597 758 2632 V.
781 2597 837 2631 19.

305 2650 321 2673 ⁶
334 2657 392 2693 De
405 2669 486 2706 quo
499 2669 540 2692 se
554 2657 728 2692 retulisse
744 2656 837 2691 mihi
850 2656 1000 2705 scripsit
1012 2656 1204 2691 Henricus
1218 2655 1430 2690 Hofmann.
1442 2654 1541 2690 Vide
1555 2666 1670 2690 nunc:
1683 2654 1809 2690 Heinz
1820 2653 2034 2696 Hofmann,

226 2712 302 2747 “La
324 2719 502 2760 scoperta
523 2711 587 2746 del
610 2723 739 2746 nuovo
762 2711 911 2746 mondo
933 2711 1033 2745 nella
1054 2710 1187 2758 poesia
1207 2710 1334 2745 latina:
1356 2709 1368 2744 i
1391 2709 1632 2744 Columbeidos
1653 2708 1735 2744 libri
1751 2708 1883 2757 priores
1902 2707 1975 2743 duo
1995 2707 2035 2743 di

225 2766 358 2801 Giulio
375 2766 516 2801 Cesare
535 2765 684 2807 Stella,”
703 2765 754 2800 in:
774 2765 970 2800 Columbeis
986 2764 1043 2799 ΙΙΙ
1057 2764 1243 2809 (Genova,
1265 2764 1389 2808 1988),
1409 2762 1544 2798 71-94.

306 2818 321 2843 ⁷
338 2827 423 2861 Iulii
441 2826 614 2861 Caesaris
633 2826 770 2860 Stellae
788 2825 889 2860 Nob.
908 2825 1019 2860 Rom.
1039 2825 1280 2859 Columbeidos
1298 2824 1378 2859 libri
1391 2824 1522 2872 priores
1539 2823 1610 2858 duo
1628 2823 1835 2871 (Lugduni,
1857 2822 1981 2867 1585).

306 2880 322 2902 ⁸
339 2885 488 2920 Eodem
506 2885 594 2919 loco
611 2885 643 2919 C
662 2885 711 2926 SV,
728 2885 772 2919 V.
795 2884 840 2919 18
859 2896 913 2931 sq.

306 2938 323 2961 ⁹
338 2944 474 2978 Prima:
491 2943 706 2990 Hamburgi
727 2943 835 2984 1659;
853 2943 971 2976 altera
985 2942 1131 2976 ibidem
1151 2942 1259 2983 1665;
1276 2941 1387 2976 tertia
1402 2941 1619 2988 eademque
1636 2940 1832 2975 definitiva
1847 2939 1968 2974 editio
1982 2939 2035 2974 in:

225 2997 417 3031 Vincentii
431 2997 563 3031 Placcii
578 2997 787 3031 Carminum
799 2995 991 3044 puerilium
1005 3001 1037 3029 et
1049 2995 1259 3029 iuvenilium
1274 2995 1355 3029 libri
1365 2994 1418 3029 IV
1427 2993 1733 3039 (Amstelodamiz
1747 2993 1865 3041 Apud
1878 2992 2035 3028 Petrum

227 3052 279 3086 Le
298 3051 445 3093 Grand,
464 3051 778 3094 M.DC.LXVIII)‚
801 3050 908 3085 1-82.
928 3050 1146 3084 Editionem
1164 3061 1254 3083 cum
1270 3049 1445 3083 versione
1463 3048 1694 3083 Germanica
1711 3058 1913 3095 praeparo.
