2086 3464
688 192 937 226 KENNETH
963 194 1316 239 LLovn-Jomzs
1811 186 1900 226 443

169 366 262 392 non
282 352 517 399 extinxere,
538 352 801 392 concionem
825 366 917 392 non
937 353 1025 393 ullo
1049 354 1288 394 rhetoricae
1309 361 1467 393 ornatu
1488 352 1736 406 expolitam,
1759 353 1837 392 sed

169 426 258 457 tam
272 417 416 457 multis
429 417 829 471 compotationibus
844 419 1065 458 nocturnis
1079 418 1385 466 elucubratam,
1398 431 1531 472 quam
1545 417 1777 472 crapulam,
1792 427 1837 458 et

168 483 379 524 stomachi
409 482 663 537 cerebrique
692 483 949 524 cruditatem
978 484 1262 533 exhalantem,
1292 485 1338 524 in
1367 497 1439 524 me
1469 483 1601 524 foede
1630 485 1836 532 evomuit,

167 549 414 605 eademque
434 563 515 590 nos
534 563 581 590 se
600 550 997 591 contarninaturum
1016 550 1193 606 dissipat
1210 550 1366 602 (Oratio
1384 547 1521 601 11:67).

100 650 306 699 Pinache,
332 658 432 690 tout
455 663 636 690 comme
660 650 783 690 Marc
805 651 1018 699 Antoine,
1043 659 1111 691 est
1133 659 1323 691 souvent
1345 650 1534 705 critique
1558 664 1676 705 pour
1699 650 1740 691 la
1764 651 1907 706 pietre

98 716 264 771 qualite
290 716 349 757 de
375 730 460 757 son
485 716 593 757 latin
617 724 664 756 et
688 716 747 756 de
773 730 858 757 son
883 710 1184 771 eloquence,¹¹
1214 718 1323 758 mais
1348 716 1457 758 c'est
1480 717 1587 757 bien
1613 719 1688 757 sfir
1714 726 1841 758 toute
1868 717 1908 757 la

99 782 268 823 latinite
295 781 523 823 d’Erasme
549 783 626 837 qui
653 790 722 822 est
748 783 859 823 mise
885 796 944 823 en
970 797 1102 823 cause
1128 784 1197 823 ici.
1225 783 1259 823 Il
1286 797 1342 823 ne
1369 782 1495 837 s’agit
1521 797 1599 837 pas
1626 782 1742 823 alors
1769 783 1906 823 d'une

98 849 313 890 invective
336 848 728 889 conventionnelle
752 848 955 889 destinee
978 849 1005 889 a
1017 850 1138 904 jeter
1160 849 1223 890 du
1245 849 1393 890 blame
1417 863 1492 890 sur
1515 848 1793 890 l’adversaire
1817 849 1906 890 lors

98 915 236 957 d’une
261 916 396 971 joute
431 916 642 956 oratoire:
679 929 743 956 un
778 915 837 956 tel
873 930 1069 971 passage,
1105 930 1164 957 en
1198 916 1504 957 condamnant
1538 916 1814 972 l’incapacite
1849 917 1907 957 de

99 983 312 1024 l'orateur
334 982 361 1023 a
383 982 563 1038 digeret
586 991 632 1023 et
655 982 682 1023 a
705 983 815 1023 faire
840 984 1017 1023 siennes
1041 997 1110 1024 ses
1134 997 1328 1032 sources,
1355 983 1614 1038 represente
1638 997 1729 1024 une
1754 984 1812 1024 de
1837 998 1906 1024 ses

98 1050 309 1104 critiques
329 1049 392 1089 les
412 1049 511 1104 plus
529 1050 645 1089 vives
665 1049 723 1089 de
744 1049 785 1089 la
805 1050 966 1089 notion
985 1050 1043 1090 de
1063 1050 1342 1104 l’eloquence
1362 1050 1471 1090 chez
1490 1051 1683 1090 Erasme.

166 1115 227 1156 La
249 1115 312 1156 οὺ
335 1115 481 1156 l'ideal
504 1115 727 1156 erasmien
749 1124 818 1156 est
839 1116 972 1156 ancre
996 1116 1106 1156 dans
1130 1116 1450 1157 l'authenticite
1473 1116 1536 1156 du
1559 1117 1654 1165 moi,
1679 1116 1824 1157 l'ideal
1848 1117 1906 1157 de

99 1182 234 1223 Dolet
254 1183 376 1223 vient
398 1183 546 1223 moins
569 1182 632 1222 du
654 1196 795 1223 coeur
816 1196 905 1238 que
928 1183 987 1223 de
1010 1183 1190 1238 l’esprit,
1213 1192 1260 1224 et
1282 1197 1329 1223 se
1353 1184 1528 1224 nourrit
1549 1183 1608 1224 de
1632 1193 1733 1224 tout
1754 1198 1806 1224 ce
1830 1185 1905 1239 qui

99 1264 215 1290 nous
248 1249 474 1304 distingue
507 1249 566 1290 de
600 1249 641 1290 la
671 1249 948 1290 bete-notre
981 1251 1124 1299 virtus,
1160 1259 1290 1291 notre
1322 1251 1575 1299 humanitas,
1611 1251 1833 1300 l’adresse,
1869 1252 1909 1292 la

98 1316 285 1365 culture,
311 1316 352 1356 la
376 1316 631 1371 technique,
658 1317 699 1356 la
722 1317 968 1371 discipline.
994 1317 1114 1357 Idea]
1139 1317 1315 1357 austere
1341 1320 1573 1372 peut-etse,
1598 1318 1783 1357 difficile
1808 1332 1907 1358 sans

98 1383 254 1430 doute,
275 1383 384 1422 mais
403 1383 479 1437 qui
500 1382 613 1422 rend
631 1382 842 1422 honneur
859 1382 886 1422 a
903 1396 985 1422 nos
1004 1384 1163 1422 efforts
1182 1397 1300 1437 pour
1318 1397 1432 1423 nous
1451 1383 1703 1432 ameliorer,
1723 1393 1769 1423 et
1786 1385 1861 1438 qui
1882 1398 1908 1423 a

98 1448 161 1489 du
182 1449 330 1489 moins
350 1448 391 1489 le
413 1448 572 1488 merite
593 1448 735 1488 d’etre
757 1448 984 1489 realisable
1005 1449 1116 1489 dans
1136 1463 1187 1489 ce
1209 1449 1392 1498 monde,
1414 1449 1440 1489 a
1458 1449 1499 1489 la
1518 1449 1767 1490 difference
1788 1450 1846 1490 de
1868 1450 1908 1490 la

99 1515 450 1556 transcendance
479 1515 775 1556 erasmienne.
807 1516 1007 1570 Lorsque
1038 1515 1172 1556 Dolet
1201 1516 1296 1556 fera
1324 1516 1420 1556 dire
1451 1516 1477 1556 a
1505 1530 1590 1557 son
1619 1516 1753 1557 heros
1782 1517 1910 1557 Ville-

100 1596 257 1631 neuve,
281 1596 338 1623 au
362 1596 494 1623 cours
518 1582 576 1623 de
600 1582 911 1631 l’Erasmianus,
935 1597 1024 1638 que
1047 1597 1099 1623 ce
1122 1597 1211 1638 que
1236 1597 1350 1624 nous
1374 1583 1576 1624 ecrivons
1599 1583 1625 1624 a
1647 1583 1688 1624 la
1710 1585 1825 1624 suite
1849 1584 1906 1625 de

98 1649 267 1690 l’effort
283 1649 554 1690 intellectuel
571 1658 639 1690 est
655 1649 753 1704 plus
772 1649 893 1690 riche
911 1658 957 1690 et
973 1650 1070 1705 plus
1088 1651 1348 1705 significatis
1359 1664 1447 1705 que
1464 1665 1516 1691 ce
1534 1652 1609 1705 qui
1629 1651 1773 1691 releve
1791 1651 1849 1692 de
1867 1651 1907 1692 la

99 1715 258 1770 simple
278 1717 604 1764 conversation,

167 1814 374 1855 Pleniora
394 1823 498 1855 sunt
518 1816 558 1855 8c
578 1815 790 1855 uberiora
809 1829 925 1870 quae
946 1815 1108 1856 chartis
1130 1817 1405 1870 reponimus,
1427 1830 1563 1871 quam
1585 1830 1701 1871 quae
1722 1818 1839 1857 inter

168 1895 251 1922 nos
265 1881 620 1922 confabulamur:
636 1881 786 1922 stilum
800 1883 1013 1938 cogitatio
1027 1882 1103 1923 alit
1116 1883 1156 1923 8c
1170 1891 1316 1938 auget,
1333 1883 1643 1939 formaturque
1659 1883 1842 1924 medita-

167 1950 292 1990 tione
312 1950 474 1998 oratio,
495 1950 535 1990 8c
554 1949 612 1990 ad
631 1949 834 1990 habiturn
853 1951 1158 1991 venustiorem
1178 1950 1393 1991 adolescit
1411 1951 1710 2003 (Erasmianusz
1733 1952 1822 2003 94),

98 2049 207 2090 c‘est
221 2058 349 2090 toute
364 2063 455 2090 une
470 2050 723 2104 esthetique
738 2050 797 2090 de
813 2050 1091 2105 l'eloquence
1107 2052 1182 2105 qui
1198 2051 1420 2106 s’engage,
1437 2060 1483 2091 et
1496 2051 1526 2091 il
1541 2061 1609 2091 est
1622 2051 1803 2092 evident
1817 2066 1906 2106 que

99 2115 139 2155 la
158 2115 444 2170 spontaneite
464 2124 511 2156 et
530 2116 570 2156 le
591 2116 821 2156 “naturel”
843 2117 1086 2157 erasmiens
1107 2117 1235 2157 n'ont
1255 2118 1352 2157 n'en
1371 2117 1397 2157 a
1414 2132 1441 2172 y
1459 2118 1732 2158 contribuer.

166 2182 226 2222 La
244 2181 420 2222 theorie
438 2182 497 2222 de
515 2182 769 2223 l'imitation
786 2184 861 2238 qui
882 2197 929 2223 se
947 2183 1119 2238 degage
1137 2183 1217 2224 des
1236 2184 1449 2224 Orationes
1466 2192 1535 2224 est
1552 2184 1909 2239 profondement

98 2248 260 2290 ancree
276 2248 387 2290 dans
403 2249 443 2290 la
459 2249 657 2305 capacite
673 2249 731 2290 de
747 2249 968 2291 l’ecrivain
983 2250 1009 2291 a
1025 2252 1306 2291 reconnaitre
1323 2250 1385 2291 les
1402 2250 1583 2291 men'tes
1599 2251 1906 2307 linguistiques

98 2325 145 2357 et
166 2316 430 2372 stylistiques
454 2317 511 2358 de
536 2331 620 2358 son
644 2317 838 2367 modele;
863 2327 963 2359 tout
984 2332 1010 2373 y
1032 2327 1100 2359 est
1121 2319 1331 2374 question
1353 2318 1412 2359 de
1435 2321 1559 2374 gout,
1583 2319 1641 2359 de
1665 2333 1716 2360 ce
1740 2320 1815 2374 qui
1840 2329 1908 2360 est

98 2385 229 2424 decus:

166 2485 261 2525 Nec
282 2493 434 2525 tamen
452 2486 499 2525 in
518 2499 572 2525 ea
589 2499 689 2525 sum
708 2487 942 2535 sententia,
962 2494 1013 2526 ut
1031 2486 1201 2526 nullum
1222 2495 1399 2541 praeter
1417 2487 1687 2527 Ciceronem
1708 2487 1837 2527 nobis

167 2550 411 2606 legendum
443 2560 523 2591 est.
558 2551 704 2592 Placet
735 2553 934 2607 quisquis
968 2566 1093 2607 pure,
1128 2553 1381 2601 emendate,
1416 2553 1709 2608 probateque,
1744 2567 1838 2593 non

166 2618 412 2673 inquinate,
446 2627 524 2658 aut
556 2618 728 2659 abiecte
761 2618 972 2674 loquitur,
1008 2633 1090 2660 nec
1125 2633 1291 2660 novum
1324 2619 1539 2675 loquendi
1573 2634 1728 2675 genus,
1763 2629 1839 2660 aut

166 2684 464 2725 immodicum
487 2685 768 2726 obscuritatis
791 2686 1003 2735 studium,
1025 2686 1298 2727 barbarieive
1321 2686 1490 2727 sordes:
1515 2701 1598 2727 nec
1621 2687 1837 2727 humilem

168 2751 429 2806 frigidamve
462 2753 767 2807 scriptionem,
801 2762 878 2793 aut
910 2753 1234 2808 proverbialem
1268 2754 1419 2793 nescio
1452 2767 1587 2808 quam
1621 2755 1837 2794 orationis

181 2958 208 2980 ¹¹
227 2964 287 2999 Cf.
305 2965 360 3000 les
376 2965 596 3014 Philippicae
612 2966 720 3008 11:63,
736 2966 833 3002 Vz20
850 2975 890 3001 et
907 2967 1059 3015 passim:
1078 2979 1179 3016 pour
1196 2968 1232 3002 la
1249 2967 1407 3001 latinitas
1425 2967 1475 3001 de
1494 2966 1658 3001 Pinache
1675 2975 1715 3001 et
1732 2967 1782 3001 de
1801 2967 1906 3002 Marc

97 3018 280 3061 Antoine‚
298 3019 346 3054 cf.
366 3019 488 3054 Omtio
506 3019 614 3061 11:25,
632 3028 672 3055 et
686 3020 775 3055 Phil,
795 3020 957 3056 xl11:43.
