2106 3458
650 226 787 258 ΚΑΜ,
808 227 1019 259 AUGUST
1041 226 1360 260 NEUHAUSEN
1813 218 1896 257 551

106 399 265 442 parum
287 393 408 426 recte
430 385 772 440 perspiceretur,
795 384 905 440 quid
926 385 1006 426 sibi
1028 385 1190 426 vellent
1211 399 1277 434 ea,
1299 397 1415 440 quae
1436 384 1525 424 iam
1547 383 1669 424 edita
1689 392 1839 424 essent
1859 398 1909 424 ac

105 461 364 509 propagata,
390 453 437 493 in
462 452 615 493 medio
641 451 774 492 malui
801 466 974 507 ponere
1000 466 1093 493 non
1118 461 1222 502 tam,
1247 465 1363 508 quae
1388 451 1590 506 neglecta
1612 451 1810 491 iacerent
1834 460 1911 491 aut

104 519 330 560 oblivione
363 519 539 567 obruta,
574 532 710 574 quam
744 532 860 573 quae
894 520 941 559 in
974 519 1146 560 illarum
1181 532 1332 560 rerum
1366 518 1659 573 peritissimae
1692 518 1909 573 cuiusque

105 599 326 642 personae
349 585 555 626 manibus
574 585 735 625 versari
757 585 1027 626 viderentur.
1051 586 1206 641 Itaque
1227 598 1328 626 eam
1350 584 1676 625 retractandam
1697 585 1907 624 constitui

104 666 283 693 sumere
317 652 751 692 commentationem
785 652 901 691 intra
933 651 1280 706 quadriennium
1313 650 1446 691 solito
1480 650 1656 705 longius
1690 650 1910 705 latiusque

104 718 331 767 diffusam,
348 719 474 759 cuius
491 718 663 758 maiore
679 718 944 772 exprimitur
959 718 1264 773 inscriptione,
1280 725 1501 773 quatenus
1517 716 1575 757 ad
1591 717 1727 757 Indos
1742 718 1913 757 Ameri-

104 799 240 826 canos
255 786 442 826 attineat
455 785 778 833 humanismm,
795 785 972 825 minore
987 793 1139 825 autem
1153 784 1406 825 indicantur
1420 784 1730 839 Hispanorum
1744 785 1792 824 in
1808 785 1909 824 novi

104 851 373 906 quibusdam
388 851 510 891 orbis
526 850 724 905 partibus
740 851 1093 905 conquisitiones
1109 851 1272 891 Latinis
1286 850 1525 891 illustratae
1541 841 1730 890 litteris.⁷
1744 850 1910 890 Textus

104 919 227 958 enim
261 917 393 958 huius
426 917 822 957 commentationis
854 916 1105 971 appendice
1138 916 1453 971 comprehensi
1489 924 1663 956 tantum
1696 917 1913 956 existima·

103 984 267 1025 bantur
285 983 445 1033 valere,
467 991 517 1024 ut
537 983 770 1039 superiore
791 997 912 1023 anno
933 983 1097 1023 iterum
1118 982 1406 1038 imprimendi
1428 990 1691 1023 curarentur
1711 996 1769 1023 eo
1792 983 1912 1023 fasci-

104 1051 221 1100 culo,
238 1052 314 1107 qui
331 1065 536 1092 seorsum
553 1051 740 1091 emissus
756 1050 1010 1091 inscribitur
1026 1049 1252 1091 “Mundus
1267 1049 1447 1091 Novus''
1464 1049 1676 1105 ideoque,
1694 1058 1745 1090 ut
1759 1049 1912 1090 addita

104 1119 400 1159 confirmatur
433 1117 774 1172 subscriptione,
809 1118 1004 1172 pertinet
1036 1117 1094 1157 ad
1125 1125 1425 1172 expugnatam
1457 1117 1712 1157 Americam
1746 1117 1910 1157 Latinis

105 1185 259 1225 litteris
281 1185 529 1225 memoriae
550 1177 811 1239 proditam.⁸

978 1368 1043 1422 II

106 1518 358 1572 Principem
379 1530 487 1557 vero
509 1516 660 1556 locum
682 1525 729 1556 et
749 1517 796 1556 in
818 1515 906 1556 hoc
928 1515 1076 1556 libello
1098 1525 1145 1556 et
1165 1517 1213 1556 in
1234 1515 1306 1556 illa
1326 1516 1711 1556 commentatione
1733 1517 1911 1571 optimo

105 1585 202 1624 iure
217 1584 427 1624 obtinent
441 1583 812 1624 Bartholomaeus
828 1583 994 1623 Casaus
1010 1591 1056 1623 et
1070 1583 1260 1623 Ioannes
1277 1583 1496 1623 Genesius
1512 1582 1761 1637 Sepulveda
1775 1583 1911 1623 ambo

105 1664 161 1691 ex
182 1650 344 1691 eadem
368 1651 455 1690 orti
480 1651 725 1705 Hispaniae
749 1651 935 1705 regione
959 1649 1179 1705 aequales,
1203 1650 1279 1705 qui
1303 1651 1542 1704 scriptores
1567 1650 1707 1690 Latini
1732 1649 1911 1690 saeculo

105 1717 285 1758 decimo
301 1726 428 1758 sexto
443 1717 710 1758 excellentes
725 1726 903 1772 praeter
917 1725 1092 1757 ceteros
1108 1725 1204 1757 turn
1220 1717 1497 1757 Christianos
1513 1716 1729 1757 Indorum
1743 1717 1913 1757 Ameri-

105 1798 323 1825 canorum
347 1785 672 1825 existimatores
698 1776 984 1825 floruerunt.⁹
1006 1785 1142 1839 Atqui
1168 1783 1332 1833 eidem,
1357 1785 1555 1839 quamvis
1580 1793 1771 1839 uterque
1795 1793 1912 1824 esset

106 1865 201 1892 non
229 1851 371 1892 modo
400 1851 659 1892 Catholicae
688 1852 999 1891 Romanorum
1027 1851 1229 1891 addictus
1259 1851 1476 1891 Ecclesiae
1505 1851 1727 1899 sacerdos,
1755 1865 1911 1891 verum

105 1919 241 1958 etiam
262 1918 500 1972 theologus
520 1918 725 1957 eminens
744 1917 958 1972 idemque
978 1917 1231 1957 humanista
1250 1917 1403 1957 litteris
1423 1918 1615 1971 antiquis
1635 1918 1696 1957 ita
1714 1917 1912 1957 imbutus

105 1992 156 2024 ut
176 1984 252 2038 qui
278 1984 484 2032 maxime,
508 1984 673 2023 mirum
695 1992 915 2038 quantum
937 1984 1054 2023 inter
1076 1997 1123 2023 se
1145 1983 1479 2023 dissentiebant.
1501 1983 1627 2023 Alter
1647 1984 1784 2031 enim,
1808 1983 1913 2037 quia

106 2063 369 2105 persuasum
406 2051 447 2090 ei
486 2058 582 2090 erat
617 2049 753 2090 Indos
789 2051 1023 2090 Amencae
1061 2049 1293 2104 indigenas
1330 2049 1510 2089 advenis
1547 2050 1792 2104 Europaeis
1828 2063 1912 2089 suo

105 2117 308 2171 ipsorum
336 2115 448 2156 orbe
477 2124 697 2156 terrarum
725 2116 878 2171 potitis
907 2116 1168 2171 neutiquam
1195 2116 1432 2155 inferiores
1460 2115 1540 2155 sed
1568 2115 1769 2155 moribus
1796 2116 1915 2170 inge-

107 2183 280 2237 niisque
315 2183 507 2222 omnino
543 2196 672 2236 pares
705 2182 773 2222 vel
808 2183 958 2236 potius
993 2182 1153 2222 iisdem
1188 2182 1466 2236 aliquatenus
1500 2183 1636 2222 etiarn
1671 2191 1911 2236 praestare,

105 2248 423 2288 defendendae
444 2249 540 2288 eius
560 2249 705 2303 gentis
725 2249 956 2288 universae
978 2248 1263 2302 tuendaeque
1285 2248 1585 2302 patrocinium
1606 2256 1674 2288 tot
1693 2248 1914 2288 decennia

107 2322 232 2355 tanto
266 2314 417 2355 studio
451 2315 677 2370 suscipere
711 2315 1017 2370 perseveravit,
1052 2323 1103 2355 ut
1134 2314 1523 2370 quemadmodum
1556 2313 1911 2355 humanistarum

107 2382 311 2423 Petrarca
325 2382 387 2423 sic
401 2382 497 2438 ipse
513 2382 731 2423 Indorum
746 2390 874 2438 pater
887 2381 1066 2423 illorum
1081 2381 1392 2438 appellaretur;
1409 2381 1519 2422 alter
1533 2390 1699 2431 autem,
1715 2381 1915 2438 quando-

187 2605 202 2628 ⁷
226 2613 265 2648 E.
289 2613 457 2648 Schaser:
482 2613 577 2648 “Die
601 2613 782 2648 Indianer
804 2614 887 2648 und
911 2614 982 2648 der
1005 2613 1389 2648 Humanismus—Die
1413 2613 1614 2660 spanische
1637 2612 1851 2660 Conquista
1874 2613 1913 2648 in

107 2667 350 2701 lateinischer
367 2667 581 2701 Literatur”
598 2667 731 2710 (1984)
749 2668 796 2710 (v.
815 2667 915 2701 infra
931 2679 969 2714 p.
988 2666 1089 2710 557).

187 2718 245 2772 ⁸J.
264 2724 440 2759 Klowski:
456 2725 621 2759 Mundus
636 2724 1001 2759 Novus-Lateinische
1020 2724 1119 2759 Tace
1134 2735 1200 2759 zur
1212 2724 1414 2771 Embemng
1427 2724 1607 2758 Amerinus
1625 2723 1768 2768 (1987).

186 2778 203 2800 ⁹
218 2782 310 2817 Non
324 2783 439 2831 igitur
455 2791 513 2817 est
528 2795 617 2817 oesu
634 2783 789 2825 factum,
805 2791 850 2817 ut
864 2791 1040 2817 auctores
1056 2783 1096 2817 hi
1113 2783 1194 2817 duo
1210 2783 1393 2830 deinceps
1409 2782 1449 2816 in
1465 2793 1515 2816 eo
1531 2794 1689 2830 quoque
1703 2783 1912 2824 volumine,

108 2837 216 2884 quod
228 2836 493 2870 Humanismus
506 2836 584 2870 und
595 2836 694 2871 Neue
709 2836 796 2871 Welt
810 2837 1036 2884 inscriptum
1053 2836 1276 2884 nuperrime
1292 2835 1413 2870 edidit
1426 2835 1483 2869 W.
1498 2834 1706 2877 Reinhard,
1722 2844 1761 2870 et
1775 2836 1912 2884 singuli

108 2891 268 2938 quidem
282 2891 450 2925 dilucide
464 2891 764 2938 doctissimeque
778 2899 1043 2925 tractarentur.
1057 2891 1108 2925 Ea
1121 2892 1237 2931 enim,
1252 2902 1351 2937 quae
1365 2891 1415 2924 de
1428 2890 1643 2936 Sepulveda
1655 2890 1717 2933 (ib.
1731 2902 1798 2937 pp.
1816 2891 1911 2924 143-

108 2943 173 2987 66)
209 2943 390 2977 disseruit
424 2944 474 2978 H.
511 2943 781 2978 Pietschmann
816 2944 1164 2987 (“Aristotelischer
1200 2943 1478 2977 Humanismus
1514 2943 1597 2976 und
1633 2942 1913 2977 Inhumanitiit?

107 2995 323 3043 Sepulveda
336 2997 420 3030 und
434 2996 498 3030 die
513 2997 844 3031 amerikanischen
859 2996 1190 3039 Ureinwohner”),
1206 2996 1345 3042 excipit
1359 2995 1421 3029 illa
1434 2995 1722 3035 commentatio,
1737 3007 1855 3042 quam
1870 2996 1911 3030 B.

108 3048 213 3082 Rech
231 3049 422 3096 inscripsit
439 3048 684 3083 “Bartolome
702 3050 753 3083 de
770 3049 824 3083 las
842 3049 956 3083 Casas
973 3050 1056 3083 und
1074 3049 1138 3083 die
1155 3049 1319 3083 Antike'’
1338 3048 1399 3091 (ih.
1418 3059 1483 3094 pp.
1506 3046 1679 3090 167-97).
