2086 3464
746 198 959 230 ANGELA
982 198 1269 231 M1N1CUCCI
1818 188 1905 228 507

106 358 215 397 lium
237 357 364 397 facile
385 369 644 396 sermonem
666 356 875 395 transfert
895 357 970 410 qui
992 356 1152 396 eadem
1172 356 1230 396 de
1251 355 1408 409 Sibylla
1428 362 1612 394 testatus
1632 355 1699 393 sit.
1722 355 1834 393 Item
1855 354 1913 393 de

106 423 346 464 bominum
363 421 648 470 condicione,
668 422 702 462 si
722 421 906 476 quando
925 435 1085 462 omnes
1103 422 1228 462 omni
1247 420 1378 476 culpa
1393 420 1517 461 vacui
1537 419 1595 460 ad
1611 420 1914 475 integritatem

106 499 152 531 et
165 490 472 530 innocentiam
489 488 713 537 redibunt,
730 489 987 528 testimonia
1001 489 1134 529 affert
1148 502 1238 529 una
1251 496 1297 528 et
1311 488 1447 528 Isaiae
1463 487 1536 539 (cf.
1554 487 1639 527 9:82
1657 486 1696 527 “.
1714 519 1722 527 .
1739 519 1748 526 .
1766 500 1913 541 neque

107 556 338 597 nocebunt
363 563 595 610 serpentes
623 587 633 595 .
650 587 659 594 .
675 587 684 595 .
712 554 793 594 sed
819 555 1112 595 delectabitur
1138 555 1296 595 infans.
1312 586 1322 594 .
1339 586 1347 594 .
1364 553 1423 605 .‘')
1449 562 1496 593 et
1519 553 1699 607 Vergilii
1728 553 1802 604 (cf.
1828 553 1912 593 Ecl.

105 623 220 664 424:
244 621 451 662 “occidet
469 629 516 661 et
534 634 719 675 serpens
741 652 750 660 .
766 652 776 660 .
793 613 906 671 .'').¹⁹

173 687 354 728 Plurimi
370 688 518 742 igitur,
534 694 585 726 ut
600 687 888 726 manifestum
903 694 983 734 est,
997 686 1243 740 Vergilium
1259 684 1549 740 Campanella
1563 685 1669 724 fecit
1683 685 1758 738 qui
1777 684 1916 724 multa

106 753 365 810 protulisset
385 753 503 794 notis
523 753 733 808 insignita
751 760 798 793 et
816 753 1037 808 gravitatis
1058 760 1104 793 et
1122 753 1328 793 veritatis.
1350 752 1455 807 Qua
1474 750 1532 792 de
1554 764 1601 792 re
1623 750 1788 806 pluries
1809 764 1915 791 eum

106 822 215 863 iuvit
238 835 329 862 una
353 835 458 862 cum
482 821 716 862 Sacrarum
740 820 1068 876 Scripturarum
1094 820 1201 861 locis
1227 819 1350 860 locos
1376 819 1580 875 proferre
1604 818 1785 874 Vergilii
1812 832 1916 859 cum

106 890 239 930 sacris
259 888 551 944 scriptoribus
571 902 619 929 re
639 888 943 928 concinentes.

916 1022 1030 1076 Opus
1047 1022 1286 1061 Fundatum
1303 1021 1512 1061 Latinitas
1532 1021 1578 1060 in
1597 1020 1693 1060 urbe
1716 1020 1917 1060 Vaticana

195 2855 225 2878 ¹⁹
242 2861 453 2896 Tommaso
472 2861 733 2909 Campanella,
752 2861 857 2903 ibid.‚
877 2861 937 2903 52,
961 2861 1043 2902 132;
1061 2860 1158 2895 Delle
1175 2860 1269 2895 virtu]
1287 2870 1305 2894 e
1322 2859 1378 2894 dei
1396 2859 1467 2893 vizi
1486 2859 1524 2893 in
1540 2858 1749 2906 panicolare
1767 2858 1840 2900 cit„
1860 2859 1921 2900 44,

116 2917 199 2959 110;
218 2916 240 2951 I
256 2916 354 2951 Sacri
373 2917 478 2965 Segni
497 2917 571 2958 cit„
592 2916 650 2951 De
671 2916 923 2951 sacramentis
945 2916 980 2958 3,
1001 2916 1125 2958 2:100;
1144 2915 1360 2963 Escatologia
1381 2914 1453 2956 cit.⁸
1479 2913 1675 2955 1:218-20;
1694 2913 1747 2948 De
1765 2914 1922 2948 remediis

113 2970 286 3005 malorum
309 2970 382 3012 cit„
405 2970 492 3012 252;
515 2970 745 3018 Cosmologia:
766 2970 1093 3018 Theologicorum
1115 2970 1212 3004 liber
1233 2969 1283 3004 111
1306 2981 1327 3003 a
1348 2980 1440 3002 cura
1461 2967 1500 3002 di
1523 2967 1566 3002 R.
1588 2967 1749 3002 Amerio
1770 2967 1921 3011 (Romaz

113 3025 261 3060 Centro
278 3026 579 3060 internazionale
597 3025 636 3059 di
655 3025 764 3059 Studi
782 3025 1017 3066 Umanistici,
1039 3025 1163 3069 1964),
1186 3025 1267 3058 184.
