2106 3458
725 205 988 239 HERMANN
1012 206 1261 239 leGAND
1804 198 1886 239 821

292 366 473 420 Hospes
495 364 614 405 nulla
631 365 765 413 videt,
787 364 982 406 lacerum
1003 366 1168 420 premit
1187 365 1327 406 herba
1345 365 1531 405 cadaver

292 432 617 486 Spectatorque
637 431 703 470 sui
725 439 793 470 est
813 445 932 471 nunc
953 432 1121 471 funeris
1140 424 1589 485 Amphitheatrum.⁴⁴

157 530 470 587 Spectaculum
494 530 603 571 illud
627 521 722 571 non
745 538 837 571 tam
860 539 940 580 est,
964 539 1015 571 ut
1035 530 1127 571 vult
1149 531 1343 580 Martini,
1367 531 1544 586 signum
1568 530 1897 580 destructionis,

92 599 262 647 mortis,
313 590 612 653 fragilitatiS,‘¹⁵
661 611 797 652 quam
846 598 1022 652 signum
1070 598 1275 638 inte1itus
1323 598 1596 652 antiquitatis
1645 591 1899 652 paganae.‘¹⁶

92 665 275 720 Ergasto
300 665 423 705 enim
448 665 603 705 ruinae
629 665 915 719 praesagiunt
938 673 1103 705 terram
1128 678 1289 705 novam
1314 664 1550 705 meliorem
1575 673 1898 714 renascentem,

90 745 206 787 quae
227 732 435 787 profecto
456 745 563 771 mox
580 731 768 771 videtur.
789 730 966 771 Incolae
985 732 1081 771 eius
1101 739 1401 786 terrae—quae
1420 739 1488 771 est
1505 731 1649 771 insula
1666 732 1903 786 Hispanio-

91 798 266 839 la—non
297 806 402 838 sunt
432 797 491 838 illi
527 797 665 838 “nudi
699 798 795 837 sine
828 797 1119 852 ponderibus,
1153 798 1248 838 sine
1283 811 1504 846 mensura,
1539 798 1634 838 sine
1669 798 1902 838 mortifera

90 865 288 919 denique
308 865 512 919 pecunia,
532 878 669 904 aurea
686 872 804 904 etate
822 864 1017 904 viventes
1035 865 1130 904 sine
1149 863 1362 919 legibus,‘'
1382 878 1497 919 quos
1516 863 1727 904 describit
1745 865 1899 904 Petrus

90 932 256 986 Martyr
283 930 341 971 de
368 921 633 986 Angleria,⁴⁷
661 944 799 985 quem
827 930 1005 985 plurimi
1035 939 1240 971 auctores
1268 931 1406 971 secuti
1436 939 1551 979 sunt,
1581 930 1661 971 sed
1689 930 1772 971 hos
1801 931 1903 971 Car-

92 1012 216 1039 rarae
246 1006 410 1052 poetae
441 997 577 1038 Indos
606 997 757 1037 Ulixes
786 997 1013 1037 erroribus
1043 998 1132 1037 suis
1161 997 1249 1037 huc
1278 998 1463 1037 iactatus
1492 997 1589 1037 illos
1620 1011 1770 1037 mores
1801 998 1903 1037 “de-

91 1064 258 1104 lirantis
295 1056 593 1118 Areopagi’'⁴⁸
633 1063 789 1103 docuit
826 1063 1050 1117 deamque
1090 1063 1428 1117 Berecynthiam
1468 1063 1719 1104 colendam.
1761 1065 1900 1103 Cuius

91 1129 377 1170 simulacrum
396 1130 485 1170 iam
504 1130 675 1169 corruit
693 1137 890 1169 tremore
911 1137 1069 1178 terrae,
1089 1143 1193 1169 cum
1211 1129 1474 1169 advenirent
1491 1130 1679 1184 Hispani
1700 1129 1900 1170 labarum

90 1197 232 1237 crucis
251 1197 488 1251 erigentes.
509 1196 617 1251 Quo
638 1196 756 1236 facto
777 1209 824 1236 re
843 1209 946 1236 vera
964 1196 1142 1236 evenire
1160 1195 1348 1245 videtur,
1369 1195 1495 1251 quod
1513 1196 1772 1251 prodigium
1791 1196 1900 1236 illud

90 1277 117 1304 a
143 1264 306 1304 Sancto
336 1263 502 1318 Spiritu
530 1262 687 1303 datum
716 1263 1094 1318 pronuntiaverat:
1123 1263 1330 1318 Superari
1361 1263 1672 1318 antiquitatem
1701 1264 1900 1318 quamvis

90 1330 379 1371 cultissimam
402 1344 428 1371 a
449 1330 565 1371 duce
589 1330 858 1371 Christiane.
882 1330 988 1371 Non
1011 1330 1177 1371 diutius
1200 1330 1445 1385 quaerendi
1470 1339 1574 1371 sunt
1597 1331 1745 1371 fontes
1768 1330 1900 1371 huius

91 1398 227 1452 partis
246 1398 398 1452 operis
418 1397 647 1445 Carrarae,
668 1410 783 1452 quos
802 1397 938 1452 Segre
959 1411 1053 1437 non
1072 1390 1294 1437 invenit.‘¹⁹
1313 1397 1463 1437 Ulixes
1482 1406 1533 1437 ut
1550 1397 1733 1438 Alvarus
1753 1411 1903 1452 perso-

91 1478 195 1505 nam
219 1465 335 1519 gerit
357 1464 631 1519 antiquitatis
655 1477 869 1519 paganae3
894 1464 1019 1504 cuius
1043 1463 1240 1504 tumulus
1263 1464 1531 1519 imaginibus
1556 1478 1820 1519 magnarum
1845 1464 1900 1504 ab

90 1530 218 1572 Ulixe
240 1544 392 1571 rerum
412 1539 638 1586 gestarum
659 1539 843 1571 ornatus
864 1531 1084 1586 significat
1101 1531 1341 1571 vanitatem
1361 1530 1529 1586 gloriae
1550 1545 1576 1571 a
1595 1531 1780 1571 summis
1799 1531 1900 1571 viris

91 1598 364 1653 antiquitatis
388 1598 567 1653 petitae.
592 1598 697 1652 Qua
718 1598 765 1638 in
788 1611 835 1638 re
858 1597 1108 1638 enarranda
1129 1598 1317 1638 Carrara
1338 1606 1459 1638 certe
1481 1597 1632 1638 locum
1654 1597 1779 1638 illum
1802 1597 1899 1638 libri

91 1666 222 1720 primi
239 1666 434 1706 Aeneidis
451 1666 499 1705 in
516 1666 669 1705 animo
687 1665 855 1714 habuit,
874 1665 949 1705 ubi
968 1666 1144 1705 Aeneas
1162 1665 1282 1705 nube
1301 1673 1442 1705 tectus
1460 1666 1507 1705 in
1526 1665 1696 1720 templo
1715 1666 1899 1705 Iunonis

91 1732 308 1786 imagines
327 1730 429 1771 belli
450 1731 631 1771 Troiani
653 1731 997 1785 contemplatur:

424 1831 754 1885 Artificumque
775 1843 933 1870 manus
953 1831 1070 1870 inter
1090 1844 1137 1870 se
1157 1843 1442 1885 operumque
1462 1830 1663 1870 laborem

426 1897 627 1945 Miratur,
647 1896 769 1937 videt
787 1896 937 1937 Iliacas
956 1910 1012 1937 ex
1030 1896 1191 1937 ordine
1213 1911 1398 1952 pugnas,

427 1963 637 2019 Bellaque
658 1964 747 2004 iam
768 1964 887 2004 fama
907 1972 1054 2004 totum
1073 1963 1247 2019 volgata
1267 1978 1348 2019 per
1367 1964 1541 2013 orbem,

425 2030 603 2071 Atridas
624 2031 940 2085 Priamumque
961 2039 1007 2071 et
1026 2044 1205 2071 saevum
1226 2031 1446 2071 ambobus
1465 2031 1697 2071 Achillem.

427 2098 640 2137 Constitit
674 2106 721 2137 et
754 2097 999 2138 lacrimans:
1036 2097 1179 2153 “Quis
1213 2099 1302 2138 iam
1338 2097 1503 2147 locus,”
1540 2099 1698 2153 inquit,

428 2164 639 2213 “Achate,

427 2231 559 2285 Quae
580 2231 706 2285 regio
726 2231 773 2270 in
794 2231 920 2270 terris
942 2231 1080 2270 nostri
1103 2244 1197 2270 non
1217 2230 1349 2285 plena
1369 2230 1553 2270 laboris?

427 2297 505 2346 En,
528 2297 740 2337 Priamus!
762 2297 875 2337 Sunt
893 2296 965 2337 hic
985 2297 1120 2337 etiam
1141 2311 1221 2337 sua
1240 2298 1440 2352 praemia
1459 2290 1662 2337 laudi.'’⁵⁰

172 2568 204 2590 ⁴⁴
221 2573 280 2607 Cf.
299 2573 462 2608 Carrara
478 2585 543 2621 op.
562 2573 634 2614 cit„
653 2573 688 2614 6,
710 2571 792 2615 137,
810 2585 842 2607 V.
860 2573 1048 2608 400-413.

172 2627 204 2649 ⁴⁵
221 2632 388 2674 Martini,
407 2644 471 2680 op.
490 2632 550 2667 cit.
569 2632 629 2676 (A.
652 2631 725 2677 18),
743 2632 803 2667 50.

172 2686 204 2708 ⁴⁶
223 2691 385 2726 Carrara
404 2691 524 2726 refert
542 2691 591 2725 ad
610 2691 910 2739 vituperationes
930 2691 1076 2726 Romae
1096 2692 1276 2740 antiquae
1296 2692 1540 2726 Christianas.
1561 2692 1714 2739 Quibus
1735 2692 1901 2740 opponit

92 2745 192 2779 libro
209 2744 301 2779 IIIio
318 2745 518 2779 ecclesiam
536 2744 571 2779 S.
591 2744 690 2779 Petri
707 2744 926 2779 Teneriffae
945 2746 1237 2787 aedificandam,
1256 2757 1319 2793 op.
1338 2745 1410 2786 cit.‚
1429 2757 1466 2792 p.
1486 2745 1531 2779 61
1552 2757 1646 2792 sqq.,
1664 2757 1696 2779 v.
1715 2745 1788 2781 332
1808 2758 1889 2793 sqq.

172 2796 204 2820 ⁴⁷
227 2803 286 2838 Cf.
311 2803 444 2838 Petrus
469 2803 611 2850 Martyr
633 2803 683 2837 de
706 2803 897 2851 Anglcria,
922 2804 1035 2851 Opera
1061 2831 1068 2838 .
1084 2831 1091 2838 .
1107 2831 1114 2838 .
1130 2831 1137 2845 ,
1163 2816 1263 2852 repr.
1288 2804 1349 2838 ed.
1373 2804 1487 2838 intro.
1512 2803 1577 2838 Dr.
1602 2804 1711 2838 Erich
1735 2804 1900 2838 Woldan

92 2858 219 2902 (Graz,
242 2857 366 2902 1966),
384 2857 445 2892 46.

173 2909 205 2932 ⁴⁸
222 2916 394 2958 Carrara,
413 2928 478 2964 op.
496 2916 569 2957 cit„
588 2915 623 2957 6,
645 2915 728 2958 146,
745 2928 777 2950 v,
796 2916 881 2951 690.

172 2968 205 2991 ⁴⁹
222 2975 281 3010 Cf.
300 2975 416 3022 Segre
435 2975 495 3019 (A.
518 2974 591 3018 16),
609 2986 674 3022 op.
692 2974 765 3016 cit.‚
787 2975 868 3011 124.

173 3026 206 3049 ⁵⁰
220 3033 422 3081 Vergilius,
439 3033 582 3068 Aeneis
604 3033 635 3075 1,
653 3033 727 3067 455
746 3045 828 3082 sqq.
