2086 3464
211 203 301 242 502
816 211 1040 243 THOMAs
1065 212 1419 244 CAMPANELLA

496 369 778 424 profundum
797 369 952 410 vendis
973 378 1021 410 tu
1041 370 1240 425 quidem,
1262 370 1384 411 haud
1404 371 1610 420 fundum,
1633 371 1741 412 mihi

212 469 456 524 legendum
489 478 557 509 est
590 469 928 524 “profundum''
964 484 1111 524 neque
1145 470 1304 525 “proh,
1339 470 1574 511 fundumff'
1607 471 1811 512 Thomae
1844 481 2024 527 praesto

211 535 352 576 editio
370 536 505 576 fuisse
520 535 696 576 videtur
712 536 932 576 mendose
949 536 1107 591 “proh,
1125 536 1345 577 fundum”
1362 537 1590 578 exhibens.
1607 538 1759 592 Quam
1775 538 2024 579 editionem

213 602 420 642 nondum
441 603 568 657 potui
590 603 804 642 invenire.

280 669 487 724 Captivos,
509 669 714 709 Andriam
738 677 783 709 et
802 669 1051 709 Eunuchum
1075 669 1232 710 melius
1255 684 1391 724 quam
1413 678 1583 710 ceteras
1606 671 1838 726 utriusque
1861 679 2025 726 poetae

213 735 382 777 fabulas
413 735 705 791 Campanella
736 737 909 777 novisse
939 736 1126 777 videtur.
1159 737 1210 777 In
1236 737 1515 778 Menaechmis
1545 746 1591 778 et
1619 738 1666 778 in
1697 738 1884 793 Captivis
1913 738 2026 779 deos

211 803 421 845 inductos
454 803 617 844 laudat.
648 804 980 858 Amphitryonem
1013 804 1240 859 improbat
1271 813 1459 859 propter
1490 805 1641 846 Iovem
1673 814 1719 846 et
1750 806 2026 847 Mercurium

213 870 418 925 “prave,'’
442 879 492 910 ut
513 871 586 918 ait,
611 870 924 925 “operantes’'
945 871 1120 910 Poenuli
1143 871 1293 911 locum
1315 871 1373 911 de
1396 872 1564 911 Punico
1588 880 1838 912 mercatore
1860 872 2025 912 Punice

212 937 428 991 loquente
448 936 521 988 (cf.
543 950 606 976 vv.
628 936 822 987 930-49)
843 936 982 976 semel
1001 945 1135 991 atque
1155 937 1319 976 iterum
1339 938 1386 977 in
1405 938 1657 991 posteriore
1674 938 1836 978 Poetica
1857 951 2030 978 revoca·

213 1011 308 1043 tum
328 1003 527 1043 Thomas
548 1002 732 1057 oblique
754 1016 835 1057 per
854 1003 1185 1057 Hieronymum
1207 1004 1342 1052 novit,
1363 1011 1413 1043 ut
1432 1004 1528 1058 ipse
1549 997 1643 1044 ait.⁶

279 1071 433 1125 Quem
455 1069 606 1110 locum
627 1071 674 1110 in
695 1069 809 1110 libro
831 1084 1015 1125 quoque
1040 1070 1365 1125 Theologicorum
1386 1071 1524 1111 XVIII
1546 1071 1767 1111 memoria
1788 1062 2026 1126 repetivit.⁷

212 1138 262 1177 In
283 1136 397 1177 libro
421 1137 749 1191 Theologicorum
769 1137 811 1177 X
825 1137 1074 1177 Aululariae
1096 1138 1376 1177 mentionem
1398 1137 1502 1177 facit
1521 1151 1755 1178 avarorum
1776 1137 2030 1178 sollicitudi-

213 1218 291 1243 nes
312 1217 531 1258 curasque
553 1217 579 1243 a
598 1211 735 1258 poeta
755 1204 802 1243 in
822 1217 1029 1243 scaenam
1050 1203 1278 1258 eleganter
1298 1203 1445 1243 allatas
1466 1218 1562 1244 esse
1584 1197 1848 1244 affirmans.⁸

280 1270 406 1324 Quid
427 1270 482 1310 sit
502 1269 783 1324 indulgentia
803 1270 1053 1324 exquirenti
1075 1269 1279 1310 Thomae
1301 1270 1410 1310 illud
1429 1271 1626 1310 Terentii
1649 1271 1845 1311 occurrit
1866 1270 2026 1311 “nimis

213 1337 321 1377 mihi
338 1336 583 1392 indulgeo''
601 1351 627 1377 e
644 1337 856 1377 thesauro
874 1337 1121 1377 memoriae
1138 1337 1360 1377 haustum.
1379 1338 1510 1392 Quae
1525 1337 1659 1378 verba
1675 1346 1811 1392 poeta
1826 1337 2031 1378 Phaedri-

212 1418 284 1444 am
304 1404 640 1444 adulescentem
659 1404 707 1444 in
723 1404 924 1444 Eunucho
942 1404 1015 1456 (cf.
1035 1418 1073 1444 v.
1094 1404 1198 1456 222)
1218 1404 1444 1445 dicentem
1464 1405 1580 1454 facit,
1601 1404 1711 1445 haec
1728 1405 1926 1445 Thomas
1946 1419 2027 1460 per

212 1486 416 1512 errorem
450 1471 728 1512 Menedemo
764 1471 930 1520 tribuit,
964 1472 1058 1511 viro
1092 1471 1150 1511 illi
1186 1480 1330 1512 aetate
1366 1481 1578 1526 provecto
1612 1473 1779 1526 qui—ut
1812 1473 2027 1527 scriptum

213 1539 402 1592 legimus
441 1539 488 1578 in
528 1538 677 1578 fabula
715 1539 785 1578 cui
826 1538 962 1578 index
998 1539 1481 1578 Heautontimorumenos
1521 1539 1593 1590 (cf.
1633 1553 1695 1579 vv.
1737 1539 2028 1590 96-150)-ad

213 1613 449 1659 peccatum
470 1605 517 1644 in
538 1604 682 1644 filium
703 1604 920 1644 luendum
942 1604 1156 1659 operibus
1178 1605 1301 1644 nimii
1323 1604 1485 1644 labon's
1507 1618 1553 1644 se
1575 1605 1781 1659 frangere
1800 1604 1952 1645 voluit.

280 1672 450 1726 Quanti
472 1671 678 1711 facienda
697 1672 752 1711 sit
769 1670 1040 1711 verecundia
1058 1671 1227 1711 docens
1245 1671 1442 1711 Thomas
1462 1670 1752 1726 Campanella
1771 1672 2029 1711 testimonia

213 1738 323 1779 haec
344 1739 490 1788 affert,
511 1738 701 1779 alterurn
722 1752 778 1779 ex
794 1738 991 1793 Adelphis
1010 1737 1348 1793 depromptum:
1371 1738 1591 1779 “erubuit:
1613 1738 1727 1779 salva
1746 1752 1815 1779 res
1835 1737 1930 1779 est''
1952 1738 2025 1791 (cf.

212 1820 249 1846 v.
282 1806 401 1857 643),
434 1805 624 1846 alterum
655 1819 681 1846 e
713 1806 945 1846 Ciceronis
976 1805 1166 1860 epistula
1195 1806 1314 1846 XXII
1345 1806 1441 1846 libri
1471 1806 1762 1846 Familiarium
1790 1806 1860 1846 IX:
1894 1805 2027 1846 “amo

212 1872 531 1912 verecundiam
551 1905 559 1912 .
576 1905 585 1912 .
603 1905 611 1912 .
629 1873 765 1926 Atqui
785 1872 873 1912 hoc
891 1872 1061 1912 Platoni
1082 1865 1309 1926 placuit.’'⁹
1327 1873 1434 1926 Quo
1453 1872 1554 1912 loco
1573 1873 1743 1912 Zenoni
1762 1886 1788 1912 a
1804 1873 2027 1912 Cicerone

214 1946 423 1978 revocato
442 1938 675 1978 Platonem
693 1939 931 1992 supposuit
948 1952 1005 1978 eo
1024 1939 1211 1978 fortasse
1229 1938 1355 1992 quod
1373 1938 1507 1992 paulo
1525 1946 1628 1978 ante
1646 1938 1840 1978 Platonis
1857 1946 2031 1978 senten—

214 2005 321 2045 tiam
341 2004 590 2059 protulerat
607 2004 665 2044 de
683 2004 954 2044 verecundia
971 2004 1121 2059 legum
1140 2013 1186 2044 et
1201 2005 1414 2044 virtutum
1433 2004 1634 2044 custode.
1655 2005 1890 2044 Praeterea
1906 2003 2028 2059 apud

214 2072 486 2112 Ciceronem
518 2072 565 2112 in
596 2071 757 2112 eadem
789 2071 979 2127 epistula
1011 2072 1182 2112 mentio
1214 2072 1331 2112 inest
1361 2071 1553 2112 Platonis
1584 2064 1936 2112 verecundiae.¹⁰
1967 2071 2029 2112 Ex

211 2140 408 2195 Adelphis
423 2139 574 2180 locum
589 2153 773 2194 quoque
788 2139 908 2180 hunc
923 2140 1152 2194 exscripsit
1167 2140 1407 2194 posuitque
1423 2153 1661 2194 perperam
1675 2139 1722 2179 in
1737 2139 1884 2194 primo
1898 2152 2028 2179 versu

215 2206 440 2246 “malum'’
463 2220 567 2246 cum
589 2215 709 2246 recte
731 2206 974 2260 legendum
995 2215 1112 2246 esset
1133 2206 1323 2246 “malo’':

294 2434 310 2456 ⁶
326 2441 537 2476 Tommaso
556 2441 818 2489 Campanella,
838 2441 1106 2475 “Poeticorum
1125 2441 1222 2475 liber
1239 2441 1364 2475 unus'’
1382 2441 1422 2475 in
1440 2440 1505 2482 SL,
1528 2440 1636 2482 1158,
1659 2440 1767 2482 1160,
1789 2440 1897 2482 1214,
1920 2439 2028 2482 1036,

218 2495 403 2537 1060-62,
421 2495 484 2540 (cf.
503 2495 744 2530 “Poeticam’'
762 2507 921 2543 quoque
939 2495 1066 2530 Italice
1083 2495 1352 2543 conscriptam:
1370 2493 1444 2530 347
1462 2502 1501 2529 et
1517 2494 1619 2539 412),
1641 2494 1748 2536 1064,
1770 2494 1877 2529 1196.
1895 2493 2028 2529 Aloisii

214 2550 328 2597 Firpo
342 2549 534 2584 sententia
548 2550 612 2594 (cf.
626 2550 691 2584 SL:
711 2548 807 2585 1427
823 2562 859 2584 n.
878 2550 894 2583 l
904 2550 939 2594 1)
954 2549 1204 2596 Campanella
1218 2550 1267 2583 ad
1281 2549 1507 2596 Hieronymi
1523 2549 1681 2583 rediisse
1695 2549 1846 2583 videtur
1861 2548 2030 2596 “Epistu-

213 2605 313 2638 lam‘'
333 2603 471 2640 53:276
489 2604 552 2648 (cf.
570 2604 628 2638 PL
647 2604 750 2638 XXII
769 2605 840 2638 col.
859 2605 961 2648 545).

295 2656 310 2680 ⁷
337 2663 548 2697 Tommaso
578 2663 840 2711 Campanella,
871 2663 1088 2710 Cristologia:
1118 2663 1443 2710 Theologicorum
1473 2662 1570 2696 liber
1597 2662 1717 2696 XVIII
1746 2674 1768 2696 a
1796 2673 1888 2696 cura
1915 2661 1955 2696 di
1984 2661 2028 2696 R.

213 2718 385 2760 Amerio,
404 2718 427 2755 2
445 2719 531 2753 voll.
550 2718 701 2763 (Roma:
721 2718 868 2753 Centro
886 2718 1186 2752 internazionale
1205 2718 1243 2752 di
1262 2718 1371 2752 studi
1389 2717 1624 2759 Umanistici,
1647 2717 1770 2761 1958),
1789 2716 1913 2753 2:130.

295 2771 310 2794 ⁸
326 2778 537 2813 Tommaso
555 2778 816 2826 Campanella,
833 2778 930 2812 Delle
946 2778 1040 2812 virtu
1056 2788 1074 2812 e
1089 2777 1145 2812 dei
1161 2778 1231 2812 vizi
1249 2778 1287 2812 in
1302 2777 1520 2825 particolare:
1537 2777 1863 2825 Theologicorum
1881 2776 1978 2811 liber
1994 2775 2029 2811 X

214 2844 236 2866 a
253 2844 345 2866 cura
362 2832 401 2866 di
421 2832 463 2866 R.
482 2832 644 2866 Amerio
661 2832 812 2876 (Roma:
831 2831 979 2866 Centro
996 2831 1296 2865 internazionale
1315 2831 1353 2865 di
1372 2831 1481 2865 Studi
1499 2830 1734 2872 Umanistici,
1757 2829 1880 2875 1976),
1901 2829 1960 2866 72.

294 2886 310 2907 ⁹
332 2891 544 2925 Tommaso
568 2891 829 2938 Campanella,
851 2890 873 2924 I
892 2890 990 2924 Sacri
1012 2890 1127 2937 Segni:
1150 2890 1476 2937 Theologicorum
1500 2890 1597 2924 liber
1619 2889 1739 2924 XXIV
1762 2901 1784 2923 a
1806 2900 1899 2923 cura
1921 2889 1960 2923 di
1984 2888 2027 2923 R.

214 2946 386 2986 Amerio,
415 2946 438 2979 6
467 2946 552 2979 voll.
582 2945 732 2989 (Roma:
762 2945 910 2979 Centro
938 2945 1237 2978 internazionale
1266 2945 1305 2978 di
1334 2945 1443 2978 Studi
1472 2944 1706 2985 Umanistici,
1739 2943 1940 2987 1966-69),
1969 2943 2027 2977 De

215 2999 468 3032 Sacramentis
488 3000 523 3039 5,
546 2998 666 3032 1:116.

298 3050 327 3072 ¹⁰
339 3057 550 3091 Tommaso
565 3057 826 3104 Campanella,
840 3056 944 3097 ibid„
961 3056 1017 3090 De
1033 3056 1285 3090 Sacramentis
1299 3057 1334 3097 4,
1354 3056 1447 3097 1:163
1461 3055 1631 3090 Terentii
1644 3055 1880 3102 Adelphorum
1894 3066 1926 3089 v.
1942 3054 2028 3096 6433

215 3111 413 3145 Ciceronis
430 3110 488 3145 Ad
503 3111 602 3145 Fam.
621 3110 719 3151 9:22,
742 3111 758 3144 1
780 3117 820 3144 et
837 3111 871 3144 5.
