2086 3464
209 218 297 257 464
627 225 725 257 SUR
749 224 836 257 LEs
859 225 1058 257 TRACEs
1083 225 1148 257 DE
1172 225 1327 257 Loms
1350 225 1600 258 ALEAUME

214 380 338 423 1572.
367 382 602 422 L‘histoire
629 382 687 421 de
714 382 998 435 l'apparition
1023 382 1081 421 de
1107 382 1147 422 la
1172 382 1350 422 comete
1376 383 1434 422 de
1465 380 1576 422 1577
1602 391 1670 422 est
1692 383 1800 423 bien
1824 396 2019 432 connue,

209 448 320 488 dans
343 461 429 487 son
452 448 815 487 retentissement
836 447 1107 487 intellectuel
1129 456 1176 487 et
1197 447 1259 487 du
1282 449 1412 502 point
1433 447 1491 488 de
1513 461 1598 488 vue
1621 448 1679 488 de
1702 448 1918 489 l’histoire
1940 448 2020 489 des

209 514 334 555 idees
357 522 404 555 et
425 514 505 555 des
529 513 780 555 mentalites
803 516 934 569 grace
957 514 983 554 a
1005 513 1170 555 l’etude
1194 516 1523 555 extremement
1545 514 1727 556 souillee
1749 514 1808 556 de
1831 514 2020 556 Clarisse

210 583 342 623 Doris
368 581 592 631 Hellman,
622 582 705 622 The
731 582 868 622 Comet
891 582 940 637 of
957 580 1079 622 1577.
1107 582 1162 622 Its
1182 582 1300 637 place
1325 583 1370 622 in
1395 582 1460 622 the
1481 582 1644 637 History
1669 583 1718 638 os
1729 575 2020 638 Astmnomy,²⁵

209 650 285 705 qui
314 649 418 690 date
445 649 503 690 de
534 649 659 690 1944.
689 648 898 690 L’auteur
925 663 1121 698 recense,
1148 649 1259 690 dans
1285 663 1348 690 un
1375 649 1482 705 long
1506 649 1785 705 Appendice,
1817 650 1895 691 111
1923 650 2024 692 bro-

210 717 370 757 chures
386 730 449 757 ou
464 716 615 756 traites
630 716 866 756 differents
882 716 1047 756 relatifs
1062 715 1088 756 a
1101 724 1218 756 cette
1233 716 1425 757 comete:
1441 717 1631 757 certains
1647 730 1778 757 noms
1792 716 2020 758 d’auteurs

210 792 314 824 sont
347 783 436 824 tres
470 797 560 838 peu
593 797 781 831 connus,
817 783 926 823 mais
961 797 1075 823 nous
1108 797 1134 837 y
1166 791 1463 823 rencontrons
1496 784 1610 823 aussi
1645 797 1759 824 ceux
1790 783 1848 824 de
1881 783 2023 824 David

210 850 471 905 Chytraeus,
512 849 737 890 lutherien
777 849 978 898 militant,
1020 849 1194 890 d’Otho
1234 849 1452 898 Brunfe1s,
1493 849 1550 890 de
1589 849 1768 890 Nicolas
1807 850 2021 900 Bezelius,

211 917 421 958 medecin
441 924 488 957 et
507 916 765 970 chirurgien
786 916 996 964 flamand,
1019 916 1077 956 de
1089 916 1231 970 Jacob
1251 916 1521 956 Heerbrand
1541 916 1599 957 de
1619 916 1870 971 Tfibingen,
1892 916 2025 958 d’An-

211 984 335 1023 toine
351 983 556 1037 Crespin,
572 982 634 1022 du
648 982 1016 1036 NorvegienJans
1029 982 1225 1030 Nielsen,
1240 982 1298 1022 de
1313 982 1498 1022 l'Italien
1511 982 1735 1022 Hannibal
1750 983 2021 1031 Raimondo,

210 1049 268 1088 de
289 1049 528 1102 Junctinus
558 1061 621 1087 ou
651 1049 869 1095 Giuntini‚
900 1061 964 1087 un
993 1056 1119 1087 autre
1150 1048 1317 1095 Italien,
1348 1048 1406 1087 de
1437 1048 1579 1087 Blaise
1609 1048 1667 1087 de
1695 1048 1932 1101 Vigenere‚
1963 1048 2021 1088 de

211 1113 420 1168 l'Anglais
434 1113 632 1154 Thomas
647 1113 822 1167 Twyne,
838 1112 918 1153 des
933 1113 1053 1153 deux
1067 1121 1237 1153 savants
1252 1113 1367 1153 dont
1380 1113 1421 1153 la
1436 1113 1693 1167 reputation
1707 1114 1820 1154 avait
1833 1113 2022 1168 depasse

211 1181 273 1221 les
295 1180 535 1221 frontieres
556 1180 614 1220 de
636 1180 733 1220 leur
754 1194 871 1235 pays,
894 1179 1099 1220 Cornelis
1121 1181 1326 1229 Gemma,
1349 1180 1389 1220 le
1411 1180 1479 1220 fils
1499 1180 1558 1220 de
1579 1181 1772 1221 Gemma
1792 1180 1833 1221 le
1853 1181 2021 1229 Frison,

211 1256 257 1288 et
278 1255 456 1288 surtout
477 1247 535 1288 de
557 1247 709 1302 Tycho
732 1246 889 1288 Brahe.
914 1247 1048 1287 Louis
1069 1246 1300 1296 Aleaume,
1323 1246 1430 1302 qu'il
1452 1255 1519 1287 est
1538 1247 1645 1287 bien
1667 1247 1976 1302 pardonnable
1997 1247 2024 1288 a

211 1315 401 1355 l'auteur
422 1314 480 1355 de
502 1328 553 1355 ce
574 1314 755 1354 volume
776 1314 834 1354 de
857 1328 914 1354 ne
936 1328 1014 1369 pas
1035 1315 1157 1354 avoir
1178 1328 1343 1363 connu,
1365 1322 1412 1354 et
1431 1314 1546 1354 dont
1565 1314 1606 1354 le
1628 1314 1834 1355 modeste
1855 1313 2022 1369 poeme

212 1396 269 1422 ne
295 1390 406 1437 peut
428 1381 567 1436 guere
593 1381 786 1421 rivaliser
810 1394 914 1421 avec
938 1381 978 1421 le
1001 1382 1064 1421 De
1088 1382 1238 1420 illustri
1259 1381 1377 1420 stella
1399 1373 1618 1420 caudatam
1642 1381 1700 1421 de
1726 1380 1870 1421 Brahe
1894 1394 1958 1421 ou
1981 1381 2022 1421 le

209 1450 272 1489 De
293 1455 441 1489 corneto
459 1449 589 1488 sidere
609 1449 718 1503 quod
738 1449 811 1488 hoc
831 1462 964 1488 mense
983 1449 1201 1488 Novembri
1220 1449 1344 1488 Anno
1370 1447 1484 1488 1577
1502 1449 1687 1488 videmus
1710 1480 1719 1488 .
1736 1480 1745 1488 .
1762 1439 1813 1488 ,²⁷
1834 1447 1893 1488 de
1915 1447 2026 1503 Chy-

212 1524 374 1556 traeus.
399 1516 543 1556 Notre
569 1514 705 1570 poete
730 1515 924 1570 ignorait
947 1514 1169 1555 d’ailleurs
1192 1514 1655 1555 vraisemblablement
1678 1514 1718 1555 la
1742 1514 1920 1570 plupart
1942 1514 2023 1555 des

213 1582 377 1631 traites,
396 1582 644 1622 brochures
662 1596 725 1622 ou
745 1581 916 1622 feuilles
934 1582 1132 1622 volantes
1151 1583 1226 1637 qui
1246 1595 1293 1622 se
1314 1581 1634 1636 multiplierent
1652 1595 1756 1622 avec
1774 1595 1864 1622 une
1884 1581 2026 1637 rapid-

212 1649 272 1689 ite
297 1649 621 1703 remarquable,
645 1657 691 1688 et
713 1649 753 1688 le
777 1649 874 1703 plus
897 1657 1086 1688 souvent
1109 1663 1208 1688 sans
1231 1649 1540 1688 concertation
1562 1649 1620 1688 de
1643 1648 1683 1688 la
1706 1657 1805 1703 part
1825 1648 1883 1688 de
1907 1648 2024 1688 leurs

212 1724 407 1763 auteurs;
430 1716 540 1755 mais
562 1715 601 1755 le
622 1715 717 1754 seul
739 1715 818 1754 fait
837 1729 926 1768 que
947 1729 998 1754 ce
1020 1714 1310 1768 phenomene
1331 1714 1507 1762 celeste,
1529 1714 1691 1768 charge
1712 1714 1770 1754 de
1792 1722 1940 1754 toutes
1961 1714 2022 1754 les

211 1781 382 1821 valeurs
409 1789 455 1820 et
479 1780 537 1820 de
565 1789 714 1820 toutes
740 1780 802 1820 les
827 1781 1074 1820 intentioris
1100 1780 1240 1834 qu'on
1266 1780 1324 1819 lui
1352 1781 1556 1819 associait
1581 1780 1710 1828 alors,
1737 1781 1798 1819 ait
1822 1779 1910 1828 ete,
1937 1780 2024 1819 soit

212 1847 512 1887 directement
529 1846 730 1895 observe,
749 1847 836 1886 soit
853 1846 1140 1901 simplement
1156 1846 1351 1901 imagine
1369 1860 1448 1901 par
1464 1846 1696 1894 Aleaume,
1715 1845 1874 1886 merite
1893 1854 2024 1886 notre

213 1923 448 1955 attention.

347 2015 492 2055 Triste
513 2014 639 2069 quod
659 2015 858 2054 attonitis
879 2014 1009 2069 sydus
1030 2028 1077 2054 se
1099 2015 1275 2054 miscuit
1295 2015 1419 2054 astris

386 2082 438 2122 Et
458 2081 631 2122 caelum
653 2081 787 2136 longa
807 2082 965 2121 terruit
984 2095 1122 2121 omne
1143 2095 1287 2130 coma,

349 2149 458 2203 Quo
480 2156 653 2188 terrore
674 2147 814 2188 latens
833 2149 904 2188 vix
924 2156 1096 2188 nostras
1117 2147 1324 2188 Phoebus
1345 2147 1402 2187 ad
1422 2161 1523 2187 oras

386 2214 636 2269 Obliquum
657 2214 849 2254 hiberno
872 2214 1007 2254 mittit
1026 2213 1081 2254 ab
1101 2228 1182 2254 axe
1203 2214 1337 2254 diem.

350 2281 639 2336 Persephone
662 2281 810 2321 radios
830 2282 1045 2321 evitatura
1066 2282 1274 2329 minaces,

386 2347 515 2388 Ultro
536 2347 593 2388 ad
615 2356 844 2403 raptorem
865 2348 979 2402 fugit
998 2347 1158 2387 anhela
1177 2361 1322 2396 suum,

350 2415 541 2455 Caetera
561 2415 786 2455 continuis
806 2414 1102 2469 lacrymarunt
1121 2414 1277 2468 sydera
1297 2414 1471 2462 nimbis,

386 2482 481 2522 Nec
500 2482 618 2522 bene
640 2482 837 2522 discussa
857 2496 975 2522 nunc
996 2496 1180 2536 quoque
1202 2481 1320 2521 nube
1343 2482 1519 2521 micant.
1537 2514 1545 2521 .
1562 2514 1571 2521 .
1589 2514 1597 2521 .

282 2583 359 2624 On
385 2591 592 2624 retrouve
618 2582 728 2623 dans
754 2596 827 2624 ces
851 2596 947 2623 vers
973 2591 1018 2623 et
1042 2581 1151 2623 dans
1177 2596 1290 2623 ceux
1314 2582 1388 2638 qui
1415 2582 1588 2623 suivent
1612 2581 1652 2622 le
1677 2580 1802 2622 stock
1827 2579 2024 2622 habituel

214 2650 423 2706 d‘images
443 2650 725 2706 empruntees
746 2650 772 2691 a
791 2650 830 2691 la
850 2649 1114 2705 mythologie
1135 2659 1356 2699 courante,
1377 2658 1422 2691 et
1441 2649 1480 2690 le
1500 2648 1714 2690 caractere
1735 2647 2025 2690 uaditionnel-

295 2874 327 2896 ²⁵
344 2880 538 2921 Hellman,
557 2880 668 2924 (New
683 2880 797 2914 York:
816 2879 1022 2913 Columbia
1039 2879 1251 2926 University
1268 2879 1403 2923 Press),
1426 2879 1534 2913 1944.

295 2932 327 2954 ²⁶
344 2939 397 2973 De
415 2939 544 2972 illustri
560 2938 658 2972 stella
677 2938 831 2972 caudata
849 2937 894 2971 ab
912 2937 1028 2985 elapso
1037 2937 1112 2984 sere
1130 2938 1250 2971 triente
1266 2937 1468 2972 Novembris
1485 2937 1587 2971 Anni
1608 2935 1712 2978 1577,
1733 2946 1843 2984 usque
1860 2936 1900 2970 in
1908 2935 2024 2983 finem

213 2992 381 3027 Ianuarii
396 2992 568 3040 sequentis
585 2996 763 3039 conspecta
783 3018 791 3026 .
806 3018 813 3025 .
829 3018 836 3025 .
855 2991 1114 3038 (Uraniburgi,
1137 2991 1260 3035 1588);
1279 2991 1487 3035 (Hellman,
1506 2989 1608 3034 337).

296 3044 327 3068 ²⁷
345 3052 527 3094 Rostoch,
549 3050 873 3096 1577(He11man‚
892 3051 994 3094 346).
