2132 3510
212 212 266 251 76
814 220 872 252 LE
896 220 1027 252 ARMI
1054 220 1079 251 E
1104 220 1162 252 LE
1188 221 1414 253 LETTERE

211 378 283 419 nel
307 379 516 433 proemio
541 378 570 419 il
594 378 793 419 modello
818 378 862 418 di
887 378 1162 419 educazione
1187 378 1409 420 letteraria
1431 394 1456 420 e
1482 379 1670 420 militare
1694 380 1832 420 scelto
1856 380 1915 421 da
1937 394 2019 421 suo

211 445 350 501 padre
380 445 531 486 Giulio
560 446 762 486 Antonio
793 459 874 501 per
901 446 913 486 i
945 438 1091 500 figli.⁴2
1121 446 1196 486 Ma
1224 446 1296 487 nel
1325 447 1529 487 Pontano
1558 446 1587 487 il
1615 449 1724 502 to‘pos
1753 448 2020 488 umanistico

210 512 546 553 dell'armonica
565 514 895 567 congiunzione
916 526 993 553 era
1012 512 1090 568 piu
1110 513 1329 554 evidente.
1351 514 1434 554 Per
1452 514 1481 554 il
1502 514 1767 563 feudatario,
1788 528 1920 555 come
1941 529 2022 570 per

210 579 238 620 il
259 594 342 620 suo
363 579 560 628 suddito‚
581 580 593 620 i
614 579 750 620 valori
771 579 887 620 delle
907 579 1064 620 lettere
1084 594 1224 620 erano
1245 581 1567 635 rappresentati
1588 580 1647 621 da
1664 581 1906 630 Mercurio,
1928 595 2022 622 non

210 647 268 687 da
285 647 477 696 Venere,
498 647 726 687 Mercurio
746 646 829 687 che
850 646 988 687 libera
1006 647 1150 687 Marte
1170 647 1283 688 dalle
1303 656 1460 688 catene
1480 647 1596 688 della
1616 641 1885 697 necessita,⁴³
1905 649 2023 689 ossia

210 714 327 754 della
357 722 515 754 natura
543 714 773 762 inferiore,
806 727 900 754 non
930 713 973 753 lo
1004 713 1214 762 ostacola,
1245 714 1289 754 lo
1321 715 1534 754 favorisce
1565 715 1660 755 anzi
1693 715 2021 756 rimanendone

210 780 600 821 sostanzialmente
625 780 824 821 distinto.
851 781 934 820 Per
957 780 1247 835 1’Acquaviva‚
1272 794 1404 821 come
1430 795 1511 836 per
1534 782 1761 830 Prassicio,
1787 781 1827 822 la
1850 783 2023 823 scienza

212 861 306 887 non
323 847 348 887 e
367 848 413 887 in
432 847 645 887 funzione
663 846 735 886 del
755 847 848 886 fare
866 861 896 886 o
915 847 1012 886 fusa
1028 861 1117 887 con
1134 861 1248 895 esso,
1269 861 1362 887 non
1379 847 1404 887 ὲ
1422 848 1647 887 insomma
1663 861 1726 887 un
1742 862 1871 902 agere,
1890 862 2022 888 come

212 913 327 952 nella
345 912 592 952 tradizione
612 913 867 960 florentina,
888 926 962 952 ma
978 912 1003 951 ὲ
1022 926 1085 952 un
1105 913 1282 952 riscatto
1301 912 1372 952 dal
1379 913 1529 966 facere,
1548 926 1611 952 un
1627 926 1867 967 cognoscere,
1886 914 1934 953 in
1951 914 2021 953 cui

211 978 383 1018 l'uomo
412 979 445 1018 si
475 978 614 1018 libera
640 977 755 1018 dalla
783 978 968 1018 materia
995 992 1020 1017 e
1048 978 1081 1018 si
1112 977 1294 1018 realizza
1320 978 1680 1033 perfettamente.
1709 978 1742 1018 Il
1770 978 2021 1019 feudatario

211 1054 384 1086 avverte
404 1045 444 1086 la
460 1046 548 1086 vita
567 1044 755 1086 militare
774 1058 906 1085 come
925 1058 988 1085 un
1003 1045 1228 1094 servitium,
1246 1059 1310 1085 un
1328 1044 1444 1085 duro
1460 1046 1685 1094 servitium,
1705 1059 1730 1086 e
1751 1059 1845 1086 non
1862 1046 1909 1086 in
1927 1059 2023 1086 essa

212 1121 338 1153 sente
362 1112 407 1153 di
434 1112 689 1161 realizzarsi‚
716 1126 789 1152 ma
813 1111 1044 1152 nell'otium
1068 1111 1184 1152 della
1205 1113 1293 1152 vita
1315 1112 1573 1153 intellettiva
1595 1112 1678 1153 che
1703 1112 1728 1153 e
1753 1112 2022 1154 liberazione

211 1180 326 1221 dalle
347 1189 518 1229 catene,
542 1179 705 1235 poiche
727 1179 873 1234 quella
893 1179 977 1220 che
997 1188 1125 1220 entra
1145 1180 1191 1220 in
1211 1188 1413 1220 contatto
1435 1193 1523 1220 con
1544 1179 1583 1220 le
1606 1180 1800 1234 passioni
1823 1194 1917 1221 non
1937 1180 1963 1220 ὲ
1984 1180 2024 1220 13

212 1256 338 1303 parte
360 1248 594 1302 superiore
615 1246 882 1296 dell'anima,
905 1261 977 1287 ma
997 1246 1143 1301 quella
1164 1255 1376 1302 preposta
1396 1246 1676 1287 all'incontro
1697 1261 1785 1287 con
1806 1247 1846 1287 la
1867 1256 2024 1288 natura

212 1316 441 1363 inferiore,
463 1316 533 1355 cui
556 1315 818 1369 appartiene
839 1314 1140 1369 l'operazione
1161 1314 1277 1355 delle
1298 1315 1422 1355 armi.

280 1383 453 1437 Queste
480 1382 650 1437 ragioni
680 1381 1174 1436 filosofico-teologiche
1200 1381 1244 1421 di
1273 1381 1416 1421 fondo
1442 1395 1557 1421 sono
1585 1381 1662 1436 piu
1687 1381 1881 1422 evidenti
1910 1381 2025 1422 nella

212 1450 531 1489 dissertazione
553 1449 782 1489 scolastica
803 1448 846 1488 di
872 1449 989 1488 Luca
1010 1449 1236 1497 Prassicio,
1261 1448 1375 1488 nella
1395 1448 1525 1503 quale
1547 1448 1776 1503 un’ampia
1796 1450 1976 1489 sezione
1998 1449 2023 1489 ὲ

214 1516 369 1557 rivolta
401 1531 427 1557 a
460 1517 695 1556 confutare
731 1515 1083 1570 l'assemblaggio
1118 1515 1316 1556 dell’arte
1352 1515 1539 1556 militare
1574 1530 1599 1556 e
1633 1515 1749 1556 delle
1783 1515 1892 1556 altre
1926 1517 2022 1565 arti,

214 1583 499 1623 meccaniche
522 1597 547 1623 e
571 1583 736 1623 liberali
761 1583 963 1630 insieme,
985 1582 1069 1622 che
1091 1596 1167 1622 era
1189 1591 1303 1622 stato
1327 1582 1355 1622 il
1378 1583 1495 1622 forte
1517 1591 1785 1636 argomento
1807 1582 1880 1622 del
1901 1583 2022 1622 Nifo.

213 1650 333 1704 Ogni
357 1658 464 1697 arte,
488 1663 619 1689 aveva
640 1649 767 1688 detto
789 1649 817 1688 il
839 1649 960 1696 Nifo,
983 1648 1283 1688 dall'oratoria
1303 1648 1385 1688 alla
1407 1648 1641 1696 medicina,
1664 1648 1688 1688 ὲ
1710 1648 2024 1688 condizionata

212 1716 327 1756 dalla
345 1716 526 1756 fortuna
544 1715 615 1756 nel
632 1729 765 1756 senso
782 1715 866 1756 che
885 1715 923 1755 la
942 1716 1118 1755 riuscita
1134 1714 1332 1769 dipende
1350 1714 1685 1755 dall'eventuale
1702 1723 2023 1769 superamento

213 1783 256 1823 di
283 1783 467 1822 ostacoli
493 1782 609 1837 quali
636 1782 664 1822 il
690 1782 915 1837 pubblico,
940 1782 980 1821 la
1005 1782 1199 1822 malattia
1222 1796 1251 1821 o
1276 1782 1315 1821 le
1340 1781 1499 1821 insidie
1523 1781 1596 1821 del
1621 1782 1813 1830 nemico,
1838 1781 2022 1821 ostacoli

213 1850 296 1891 che
317 1851 545 1890 rientrano
567 1849 637 1890 nel
656 1863 818 1904 campo
838 1849 911 1889 del
928 1849 1148 1898 variabile,
1168 1849 1284 1889 della
1302 1849 1495 1897 fortuna,
1515 1863 1541 1889 e
1559 1849 1881 1889 costituiscono
1902 1849 2024 1889 forze

215 1918 417 1973 negative
453 1917 511 1957 da
545 1917 796 1957 dominare.
834 1916 1151 1972 L’argomento
1189 1916 1350 1957 riflette
1387 1917 1433 1956 in
1469 1916 1646 1956 termini
1683 1915 1899 1956 scolastici
1936 1929 2026 1956 una

214 1986 447 2040 posizione
472 1984 614 2025 simile
639 1998 665 2025 3
687 1984 834 2039 quella
857 1983 930 2024 del
954 1983 1241 2033 Machiavelli,
1267 1997 1348 2039 per
1372 1983 1400 2024 il
1424 1983 1554 2039 quale
1578 1983 1702 2024 l’arte
1726 1983 1842 2024 della
1864 1997 2025 2038 guerra

215 2053 380 2093 mirava
400 2060 605 2107 appunto
627 2065 653 2092 a
673 2065 898 2107 superare,
921 2052 1044 2106 quasi
1067 2065 1093 2091 a
1114 2052 1413 2100 trasformare,
1436 2051 1476 2091 13
1497 2051 1690 2099 fortuna,
1713 2064 1738 2091 e
1760 2064 1849 2091 con
1869 2064 1966 2091 essa
1986 2050 2026 2091 la

213 2119 432 2160 bestialita
452 2118 568 2160 della
585 2118 786 2159 violenza
804 2132 829 2159 e
850 2118 1274 2174 dell’inesperienza,
1295 2118 1585 2159 allineandosi
1606 2117 1688 2158 alle
1708 2117 1817 2158 altre
1836 2118 2023 2158 scienze.

215 2188 275 2228 La
304 2188 494 2242 risposta
520 2186 564 2227 di
596 2187 823 2235 Prassicio‚
853 2186 1000 2227 fedele
1029 2186 1111 2226 3113
1139 2186 1384 2226 tradizione
1412 2185 1678 2240 astrologica
1704 2199 1730 2226 e
1759 2184 2026 2226 aristotelica

215 2254 330 2294 della
344 2254 496 2294 scuola
511 2253 820 2302 meridionale,
837 2267 930 2293 non
944 2253 1213 2308 disponibile
1228 2267 1254 2293 a
1266 2254 1562 2307 interpretare
1577 2252 1763 2293 l'azione
1777 2251 2024 2292 dell'uomo

295 2456 326 2478 ⁴²
343 2461 477 2495 “Pater
491 2472 583 2495 vero
600 2469 700 2501 tuus,
717 2472 805 2494 cum
821 2460 903 2507 ipse
920 2460 1080 2507 quidem
1098 2460 1256 2494 minime
1272 2459 1422 2506 assequi
1439 2467 1570 2506 posset
1586 2459 1694 2506 quod
1710 2458 1874 2493 maxime
1890 2458 2025 2506 utique

215 2514 406 2563 cupiebat,
420 2522 463 2548 ut
475 2514 700 2549 militaribus
714 2513 963 2555 ornamentis,
977 2513 1109 2548 laudes
1122 2525 1184 2547 eas
1197 2513 1436 2561 adiungeret,
1449 2524 1548 2561 quae
1561 2524 1582 2547 e
1595 2512 1793 2547 literarum
1805 2523 2027 2560 comparan-

216 2578 278 2603 tur
307 2569 442 2603 studiis
472 2577 588 2616 atque
618 2568 851 2615 cognitione,
881 2567 975 2602 illud
1006 2576 1135 2602 tamen
1165 2579 1316 2601 summa
1345 2579 1446 2608 cura,
1476 2566 1655 2614 singulari
1686 2566 1802 2601 etiam
1831 2566 2027 2613 diligentia

216 2622 404 2670 praestitit
431 2630 470 2657 et
497 2634 628 2670 opera,
657 2634 737 2669 quo
765 2630 884 2669 tuque
914 2621 1127 2669 fratresque
1156 2621 1248 2655 item
1276 2620 1342 2662 tui,
1371 2620 1556 2668 quamdiu
1584 2628 1686 2654 aetas
1714 2620 1900 2667 cuiusque
1930 2619 2025 2661 tulit,

216 2676 372 2724 optimis
395 2676 466 2710 sub
488 2675 805 2724 praeceptoribus
827 2675 1000 2716 instituti,
1022 2675 1073 2709 ita
1094 2674 1346 2709 erudiremini
1368 2683 1421 2715 ut,
1443 2686 1532 2708 cum
1554 2682 1656 2708 aetas
1677 2673 1760 2721 ipsa
1780 2673 1930 2708 firmior
1950 2673 2026 2707 iam

217 2730 414 2777 magisque
431 2730 589 2764 robusta
603 2730 653 2763 ad
669 2729 802 2763 tubam
817 2736 987 2762 vocasset
1003 2736 1041 2762 et
1056 2728 1237 2775 gladium,
1253 2728 1343 2775 ipsis
1359 2740 1380 2762 e
1397 2727 1496 2762 ludis
1512 2727 1710 2762 literarum
1725 2735 1841 2774 atque
1857 2726 2027 2760 historia-

218 2796 304 2818 rum
326 2784 376 2818 de
398 2783 640 2824 lectionibus,
661 2782 778 2817 animi
802 2782 1108 2829 magnitudinem
1130 2793 1298 2829 cumque
1320 2793 1366 2815 ea
1386 2781 1529 2828 pariter
1552 2780 1809 2815 maximorum
1829 2780 2026 2814 vobiscum

217 2838 362 2872 ducum
385 2845 501 2885 atque
524 2837 805 2885 imperatorum
829 2836 1005 2884 exempla
1028 2835 1067 2870 in
1090 2835 1211 2870 aciem
1233 2835 1458 2876 afferretis,”
1481 2834 1508 2869 I.
1532 2834 1558 2869 1.
1582 2833 1743 2868 Pontani
1763 2833 1816 2868 De
1834 2833 2027 2881 Magnani-

217 2894 345 2935 mitale,
361 2893 422 2927 ed.
437 2893 517 2927 crit.
533 2905 554 2927 a
568 2905 659 2927 cura
673 2892 711 2926 di
727 2892 762 2926 F.
776 2892 898 2926 Tateo
912 2892 1094 2936 (Firenzez
1109 2891 1260 2926 Istituto
1275 2891 1470 2925 nazionale
1485 2890 1524 2924 di
1539 2890 1640 2924 studi
1655 2890 1713 2924 sul
1728 2889 2025 2930 Rinascimento‚

221 2948 345 2992 1969),
368 2947 450 2983 1—2.

297 3002 328 3024 ⁴³
345 3008 390 3042 A.
410 3007 461 3041 M.
480 3006 704 3054 Acquaviva,
724 3006 1022 3040 Commentarium
1042 3006 1080 3039 in
1099 3005 1361 3039 translationem
1381 3004 1488 3038 libelli
1504 3003 1684 3038 Plutarchi
1700 3003 1742 3037 de
1758 3003 1885 3037 virtute
1902 3002 2028 3036 morali

217 3062 385 3110 (Napoli:
405 3074 476 3110 per
493 3062 709 3096 Antonium
728 3061 785 3095 De
805 3061 926 3101 Frizis,
949 3060 1072 3104 1526),
1092 3060 1290 3108 praefatio.
