<?xml version="1.0" encoding="UTF-8"?>
<!DOCTYPE html PUBLIC "-//W3C//DTD XHTML 1.0 Transitional//EN"
    "http://www.w3.org/TR/xhtml1/DTD/xhtml1-transitional.dtd">
<html xmlns="http://www.w3.org/1999/xhtml" xml:lang="en" lang="en">
 <head>
  <title>
</title>
<meta http-equiv="Content-Type" content="text/html;charset=utf-8" />
  <meta name='ocr-system' content='tesseract 3.04.00' />
  <meta name='ocr-capabilities' content='ocr_page ocr_carea ocr_par ocr_line ocrx_word'/>
</head>
<body>
  <div class='ocr_page' id='page_1' title='image "./toronactaconvent00inteuoft_0664.png"; bbox 0 0 2106 3458; ppageno 0'>
   <div class='ocr_carea' id='block_1_1' title="bbox 211 218 1731 258">
    <p class='ocr_par' dir='ltr' id='par_1_1' title="bbox 211 218 1731 258">
     <span class='ocr_line' id='line_1_1' title="bbox 211 218 1731 258; baseline -0.001 0"><span class='ocrx_word' id='word_1_1' title='bbox 211 218 300 258; x_wconf 79' lang='grc'>640</span> <span class='ocrx_word' id='word_1_2' title='bbox 498 225 973 257; x_wconf 85' lang='lat' dir='ltr'>BARTHOLOMAEUS</span> <span class='ocrx_word' id='word_1_3' title='bbox 998 225 1371 257; x_wconf 85' lang='lat' dir='ltr'>COLONIENSIS:</span> <span class='ocrx_word' id='word_1_4' title='bbox 1397 225 1516 257; x_wconf 90' lang='lat' dir='ltr'>Two</span> <span class='ocrx_word' id='word_1_5' title='bbox 1542 225 1731 257; x_wconf 84' lang='lat' dir='ltr'>FABLES</span> 
     </span>
    </p>
   </div>
   <div class='ocr_carea' id='block_1_2' title="bbox 906 370 1324 445">
    <p class='ocr_par' dir='ltr' id='par_1_2' title="bbox 906 370 1324 445">
     <span class='ocr_line' id='line_1_2' title="bbox 906 370 1324 445; baseline 0 -21"><span class='ocrx_word' id='word_1_6' title='bbox 906 370 1210 445; x_wconf 77' lang='lat' dir='ltr'>Appendix</span> <span class='ocrx_word' id='word_1_7' title='bbox 1233 370 1324 425; x_wconf 92' lang='lat' dir='ltr'>IIo</span> 
     </span>
    </p>
   </div>
   <div class='ocr_carea' id='block_1_3' title="bbox 211 518 2024 627">
    <p class='ocr_par' dir='ltr' id='par_1_3' title="bbox 211 518 2024 627">
     <span class='ocr_line' id='line_1_3' title="bbox 211 518 2024 574; baseline -0.001 -14"><span class='ocrx_word' id='word_1_8' title='bbox 211 519 373 560; x_wconf 91' lang='lat' dir='ltr'>Fabula</span> <span class='ocrx_word' id='word_1_9' title='bbox 387 519 445 560; x_wconf 92' lang='lat' dir='ltr'>de</span> <span class='ocrx_word' id='word_1_10' title='bbox 461 533 604 560; x_wconf 89' lang='lat' dir='ltr'>coruo</span> <span class='ocrx_word' id='word_1_11' title='bbox 620 527 666 559; x_wconf 91' lang='lat' dir='ltr'>et</span> <span class='ocrx_word' id='word_1_12' title='bbox 680 518 818 574; x_wconf 91' lang='lat' dir='ltr'>uulpe</span> <span class='ocrx_word' id='word_1_13' title='bbox 832 519 880 559; x_wconf 91' lang='lat' dir='ltr'>in</span> <span class='ocrx_word' id='word_1_14' title='bbox 895 532 984 574; x_wconf 91' lang='lat' dir='ltr'>qua</span> <span class='ocrx_word' id='word_1_15' title='bbox 998 518 1187 559; x_wconf 89' lang='lat' dir='ltr'>latenter</span> <span class='ocrx_word' id='word_1_16' title='bbox 1202 532 1525 574; x_wconf 91' lang='lat' dir='ltr'>pramonemur</span> <span class='ocrx_word' id='word_1_17' title='bbox 1541 533 1597 558; x_wconf 96' lang='lat' dir='ltr'>ne</span> <span class='ocrx_word' id='word_1_18' title='bbox 1614 518 1754 559; x_wconf 88' lang='lat' dir='ltr'>fidem</span> <span class='ocrx_word' id='word_1_19' title='bbox 1769 518 2024 559; x_wconf 90' lang='lat' dir='ltr'>adhibeam-</span> 
     </span>
     <span class='ocr_line' id='line_1_4' title="bbox 211 585 827 627; baseline -0.002 0"><span class='ocrx_word' id='word_1_20' title='bbox 211 601 262 627; x_wconf 90' lang='lat' dir='ltr'>us</span> <span class='ocrx_word' id='word_1_21' title='bbox 283 586 570 627; x_wconf 88' lang='lat' dir='ltr'>adulatorum</span> <span class='ocrx_word' id='word_1_22' title='bbox 589 585 827 626; x_wconf 90' lang='lat' dir='ltr'>blanditiis.</span> 
     </span>
    </p>
   </div>
   <div class='ocr_carea' id='block_1_4' title="bbox 414 717 1828 3109">
    <p class='ocr_par' dir='ltr' id='par_1_4' title="bbox 414 717 1828 3109">
     <span class='ocr_line' id='line_1_5' title="bbox 414 717 1387 773; baseline -0.001 -15"><span class='ocrx_word' id='word_1_23' title='bbox 414 719 465 758; x_wconf 95' lang='lat' dir='ltr'>In</span> <span class='ocrx_word' id='word_1_24' title='bbox 485 718 663 773; x_wconf 92' lang='lat' dir='ltr'>patulae</span> <span class='ocrx_word' id='word_1_25' title='bbox 684 719 771 772; x_wconf 87' lang='lat' dir='ltr'>fagi</span> <span class='ocrx_word' id='word_1_26' title='bbox 794 718 926 758; x_wconf 91' lang='lat' dir='ltr'>ramis</span> <span class='ocrx_word' id='word_1_27' title='bbox 947 717 1174 757; x_wconf 86' lang='lat' dir='ltr'>Phoebeia</span> <span class='ocrx_word' id='word_1_28' title='bbox 1192 717 1387 757; x_wconf 91' lang='lat' dir='ltr'>uolucris</span> 
     </span>
     <span class='ocr_line' id='line_1_6' title="bbox 480 783 1389 839; baseline -0.001 -15"><span class='ocrx_word' id='word_1_29' title='bbox 480 784 719 825; x_wconf 90' lang='lat' dir='ltr'>Ariddulas</span> <span class='ocrx_word' id='word_1_30' title='bbox 739 798 877 824; x_wconf 91' lang='lat' dir='ltr'>uoces</span> <span class='ocrx_word' id='word_1_31' title='bbox 897 792 1077 839; x_wconf 90' lang='lat' dir='ltr'>gutture</span> <span class='ocrx_word' id='word_1_32' title='bbox 1099 783 1215 824; x_wconf 89' lang='lat' dir='ltr'>fudit</span> <span class='ocrx_word' id='word_1_33' title='bbox 1234 797 1389 824; x_wconf 90' lang='lat' dir='ltr'>ouans.</span> 
     </span>
     <span class='ocr_line' id='line_1_7' title="bbox 414 850 1661 906; baseline -0.002 -14"><span class='ocrx_word' id='word_1_34' title='bbox 414 852 580 892; x_wconf 88' lang='lat' dir='ltr'>Forsan</span> <span class='ocrx_word' id='word_1_35' title='bbox 601 851 741 892; x_wconf 87' lang='lat' dir='ltr'>flabra</span> <span class='ocrx_word' id='word_1_36' title='bbox 759 851 866 892; x_wconf 91' lang='lat' dir='ltr'>Noti</span> <span class='ocrx_word' id='word_1_37' title='bbox 888 859 965 891; x_wconf 92' lang='lat' dir='ltr'>aut</span> <span class='ocrx_word' id='word_1_38' title='bbox 985 850 1185 906; x_wconf 92' lang='lat' dir='ltr'>pluuiam</span> <span class='ocrx_word' id='word_1_39' title='bbox 1206 850 1407 891; x_wconf 88' lang='lat' dir='ltr'>nubesue</span> <span class='ocrx_word' id='word_1_40' title='bbox 1427 858 1661 905; x_wconf 88' lang='lat' dir='ltr'>crepantes</span> 
     </span>
     <span class='ocr_line' id='line_1_8' title="bbox 482 918 1278 959; baseline -0.001 -1"><span class='ocrx_word' id='word_1_41' title='bbox 482 918 684 959; x_wconf 92' lang='lat' dir='ltr'>Fulmine</span> <span class='ocrx_word' id='word_1_42' title='bbox 705 919 903 958; x_wconf 87' lang='lat' dir='ltr'>terrifico</span> <span class='ocrx_word' id='word_1_43' title='bbox 923 918 1163 958; x_wconf 90' lang='lat' dir='ltr'>uaticinata</span> <span class='ocrx_word' id='word_1_44' title='bbox 1182 918 1278 957; x_wconf 87' lang='lat' dir='ltr'>fuit.</span> 
     </span>
     <span class='ocr_line' id='line_1_9' title="bbox 416 983 1521 1039; baseline -0.002 -14"><span class='ocrx_word' id='word_1_45' title='bbox 416 985 587 1025; x_wconf 88' lang='lat' dir='ltr'>Callida</span> <span class='ocrx_word' id='word_1_46' title='bbox 606 985 731 1025; x_wconf 94' lang='lat' dir='ltr'>humi</span> <span class='ocrx_word' id='word_1_47' title='bbox 753 993 888 1024; x_wconf 90' lang='lat' dir='ltr'>strata</span> <span class='ocrx_word' id='word_1_48' title='bbox 907 984 1065 1039; x_wconf 95' lang='lat' dir='ltr'>uulpes</span> <span class='ocrx_word' id='word_1_49' title='bbox 1087 985 1228 1024; x_wconf 89' lang='lat' dir='ltr'>fertur</span> <span class='ocrx_word' id='word_1_50' title='bbox 1247 983 1330 1023; x_wconf 91' lang='lat' dir='ltr'>sub</span> <span class='ocrx_word' id='word_1_51' title='bbox 1349 984 1521 1023; x_wconf 91' lang='lat' dir='ltr'>eisdem</span> 
     </span>
     <span class='ocr_line' id='line_1_10' title="bbox 483 1050 1548 1106; baseline -0.001 -15"><span class='ocrx_word' id='word_1_52' title='bbox 483 1052 646 1100; x_wconf 89' lang='lat' dir='ltr'>Ramis,</span> <span class='ocrx_word' id='word_1_53' title='bbox 668 1065 784 1106; x_wconf 93' lang='lat' dir='ltr'>quae</span> <span class='ocrx_word' id='word_1_54' title='bbox 805 1051 978 1105; x_wconf 91' lang='lat' dir='ltr'>accepit</span> <span class='ocrx_word' id='word_1_55' title='bbox 996 1050 1171 1105; x_wconf 90' lang='lat' dir='ltr'>garrula</span> <span class='ocrx_word' id='word_1_56' title='bbox 1191 1063 1422 1090; x_wconf 91' lang='lat' dir='ltr'>murmura</span> <span class='ocrx_word' id='word_1_57' title='bbox 1441 1051 1548 1098; x_wconf 93' lang='lat' dir='ltr'>auis,</span> 
     </span>
     <span class='ocr_line' id='line_1_11' title="bbox 416 1116 1632 1172; baseline -0.002 -13"><span class='ocrx_word' id='word_1_58' title='bbox 416 1119 542 1159; x_wconf 92' lang='lat' dir='ltr'>Haec</span> <span class='ocrx_word' id='word_1_59' title='bbox 562 1119 715 1158; x_wconf 90' lang='lat' dir='ltr'>animo</span> <span class='ocrx_word' id='word_1_60' title='bbox 735 1117 882 1158; x_wconf 93' lang='lat' dir='ltr'>uoluit</span> <span class='ocrx_word' id='word_1_61' title='bbox 900 1131 990 1172; x_wconf 90' lang='lat' dir='ltr'>qua</span> <span class='ocrx_word' id='word_1_62' title='bbox 1010 1116 1167 1158; x_wconf 85' lang='lat' dir='ltr'>fraude</span> <span class='ocrx_word' id='word_1_63' title='bbox 1188 1125 1265 1157; x_wconf 90' lang='lat' dir='ltr'>aut</span> <span class='ocrx_word' id='word_1_64' title='bbox 1284 1125 1378 1157; x_wconf 91' lang='lat' dir='ltr'>arte</span> <span class='ocrx_word' id='word_1_65' title='bbox 1398 1116 1632 1157; x_wconf 91' lang='lat' dir='ltr'>uolucrem</span> 
     </span>
     <span class='ocr_line' id='line_1_12' title="bbox 483 1183 1380 1240; baseline -0.002 -14"><span class='ocrx_word' id='word_1_66' title='bbox 483 1185 710 1240; x_wconf 91' lang='lat' dir='ltr'>Illaqueet,</span> <span class='ocrx_word' id='word_1_67' title='bbox 733 1183 916 1225; x_wconf 92' lang='lat' dir='ltr'>tandem</span> <span class='ocrx_word' id='word_1_68' title='bbox 938 1184 1137 1239; x_wconf 89' lang='lat' dir='ltr'>repperit</span> <span class='ocrx_word' id='word_1_69' title='bbox 1155 1183 1228 1224; x_wconf 89' lang='lat' dir='ltr'>illa</span> <span class='ocrx_word' id='word_1_70' title='bbox 1246 1184 1380 1224; x_wconf 88' lang='lat' dir='ltr'>uiam.</span> 
     </span>
     <span class='ocr_line' id='line_1_13' title="bbox 415 1249 1756 1306; baseline -0.002 -13"><span class='ocrx_word' id='word_1_71' title='bbox 415 1253 532 1293; x_wconf 87' lang='lat' dir='ltr'>Nam</span> <span class='ocrx_word' id='word_1_72' title='bbox 553 1266 600 1292; x_wconf 94' lang='lat' dir='ltr'>se</span> <span class='ocrx_word' id='word_1_73' title='bbox 621 1265 802 1306; x_wconf 87' lang='lat' dir='ltr'>aegram</span> <span class='ocrx_word' id='word_1_74' title='bbox 823 1252 968 1292; x_wconf 84' lang='lat' dir='ltr'>finixit</span> <span class='ocrx_word' id='word_1_75' title='bbox 987 1252 1297 1306; x_wconf 84' lang='lat' dir='ltr'>gemitumque</span> <span class='ocrx_word' id='word_1_76' title='bbox 1317 1258 1364 1290; x_wconf 92' lang='lat' dir='ltr'>et</span> <span class='ocrx_word' id='word_1_77' title='bbox 1383 1249 1531 1290; x_wconf 88' lang='lat' dir='ltr'>flebile</span> <span class='ocrx_word' id='word_1_78' title='bbox 1553 1264 1756 1290; x_wconf 91' lang='lat' dir='ltr'>murmur</span> 
     </span>
     <span class='ocr_line' id='line_1_14' title="bbox 484 1316 1824 1366; baseline -0.002 -8"><span class='ocrx_word' id='word_1_79' title='bbox 484 1319 646 1366; x_wconf 90' lang='lat' dir='ltr'>Edidit,</span> <span class='ocrx_word' id='word_1_80' title='bbox 668 1318 750 1358; x_wconf 90' lang='lat' dir='ltr'>hac</span> <span class='ocrx_word' id='word_1_81' title='bbox 770 1331 961 1357; x_wconf 91' lang='lat' dir='ltr'>coruum</span> <span class='ocrx_word' id='word_1_82' title='bbox 983 1317 1134 1357; x_wconf 89' lang='lat' dir='ltr'>fallere</span> <span class='ocrx_word' id='word_1_83' title='bbox 1156 1317 1313 1357; x_wconf 89' lang='lat' dir='ltr'>fraude</span> <span class='ocrx_word' id='word_1_84' title='bbox 1333 1317 1530 1356; x_wconf 91' lang='lat' dir='ltr'>studens.</span> <span class='ocrx_word' id='word_1_85' title='bbox 1771 1316 1824 1355; x_wconf 93' lang='lat'>10</span> 
     </span>
     <span class='ocr_line' id='line_1_15' title="bbox 416 1383 1521 1439; baseline -0.002 -14"><span class='ocrx_word' id='word_1_86' title='bbox 416 1386 535 1426; x_wconf 91' lang='lat' dir='ltr'>Hinc</span> <span class='ocrx_word' id='word_1_87' title='bbox 556 1393 691 1439; x_wconf 91' lang='lat' dir='ltr'>caput</span> <span class='ocrx_word' id='word_1_88' title='bbox 710 1385 852 1424; x_wconf 88' lang='lat' dir='ltr'>erexit</span> <span class='ocrx_word' id='word_1_89' title='bbox 872 1383 1162 1438; x_wconf 87' lang='lat' dir='ltr'>tremulisque</span> <span class='ocrx_word' id='word_1_90' title='bbox 1183 1383 1420 1423; x_wconf 90' lang='lat' dir='ltr'>ululatibus</span> <span class='ocrx_word' id='word_1_91' title='bbox 1440 1396 1521 1423; x_wconf 90' lang='lat' dir='ltr'>ora</span> 
     </span>
     <span class='ocr_line' id='line_1_16' title="bbox 484 1449 1480 1499; baseline -0.003 -7"><span class='ocrx_word' id='word_1_92' title='bbox 484 1451 627 1492; x_wconf 91' lang='lat' dir='ltr'>Soluit</span> <span class='ocrx_word' id='word_1_93' title='bbox 646 1460 692 1491; x_wconf 92' lang='lat' dir='ltr'>et</span> <span class='ocrx_word' id='word_1_94' title='bbox 711 1451 975 1491; x_wconf 90' lang='lat' dir='ltr'>illacrimans</span> <span class='ocrx_word' id='word_1_95' title='bbox 996 1450 1120 1499; x_wconf 87' lang='lat' dir='ltr'>haec,</span> <span class='ocrx_word' id='word_1_96' title='bbox 1142 1451 1223 1490; x_wconf 90' lang='lat' dir='ltr'>nisi</span> <span class='ocrx_word' id='word_1_97' title='bbox 1246 1449 1386 1498; x_wconf 91' lang='lat' dir='ltr'>fallor,</span> <span class='ocrx_word' id='word_1_98' title='bbox 1408 1450 1480 1490; x_wconf 83' lang='lat' dir='ltr'>ait:</span> 
     </span>
     <span class='ocr_line' id='line_1_17' title="bbox 418 1517 1645 1573; baseline -0.002 -13"><span class='ocrx_word' id='word_1_99' title='bbox 418 1519 616 1560; x_wconf 89' lang='lat' dir='ltr'>“Inclute</span> <span class='ocrx_word' id='word_1_100' title='bbox 637 1532 790 1567; x_wconf 92' lang='lat' dir='ltr'>corue,</span> <span class='ocrx_word' id='word_1_101' title='bbox 812 1532 986 1573; x_wconf 86' lang='lat' dir='ltr'>precor,</span> <span class='ocrx_word' id='word_1_102' title='bbox 1008 1517 1223 1558; x_wconf 90' lang='lat' dir='ltr'>clamosas</span> <span class='ocrx_word' id='word_1_103' title='bbox 1244 1518 1474 1572; x_wconf 91' lang='lat' dir='ltr'>supprime</span> <span class='ocrx_word' id='word_1_104' title='bbox 1494 1531 1645 1565; x_wconf 91' lang='lat' dir='ltr'>uoces,</span> 
     </span>
     <span class='ocr_line' id='line_1_18' title="bbox 484 1584 1424 1640; baseline -0.002 -14"><span class='ocrx_word' id='word_1_105' title='bbox 484 1587 560 1627; x_wconf 94' lang='lat' dir='ltr'>Me</span> <span class='ocrx_word' id='word_1_106' title='bbox 582 1587 791 1626; x_wconf 92' lang='lat' dir='ltr'>miseram</span> <span class='ocrx_word' id='word_1_107' title='bbox 813 1586 951 1626; x_wconf 90' lang='lat' dir='ltr'>nimia</span> <span class='ocrx_word' id='word_1_108' title='bbox 969 1584 1224 1640; x_wconf 85' lang='lat' dir='ltr'>garrulitate</span> <span class='ocrx_word' id='word_1_109' title='bbox 1246 1585 1424 1639; x_wconf 90' lang='lat' dir='ltr'>premis.</span> 
     </span>
     <span class='ocr_line' id='line_1_19' title="bbox 418 1650 1790 1707; baseline -0.002 -14"><span class='ocrx_word' id='word_1_110' title='bbox 418 1654 597 1701; x_wconf 90' lang='lat' dir='ltr'>Desine,</span> <span class='ocrx_word' id='word_1_111' title='bbox 619 1667 771 1701; x_wconf 82' lang='lat' dir='ltr'>corne,</span> <span class='ocrx_word' id='word_1_112' title='bbox 794 1666 968 1707; x_wconf 89' lang='lat' dir='ltr'>precor,</span> <span class='ocrx_word' id='word_1_113' title='bbox 992 1651 1309 1692; x_wconf 88' lang='lat' dir='ltr'>moribundam</span> <span class='ocrx_word' id='word_1_114' title='bbox 1330 1651 1584 1691; x_wconf 88' lang='lat' dir='ltr'>obtundere</span> <span class='ocrx_word' id='word_1_115' title='bbox 1605 1650 1790 1705; x_wconf 92' lang='lat' dir='ltr'>uulpem</span> 
     </span>
     <span class='ocr_line' id='line_1_20' title="bbox 483 1719 1513 1772; baseline -0.002 -13"><span class='ocrx_word' id='word_1_116' title='bbox 483 1719 680 1759; x_wconf 92' lang='lat' dir='ltr'>Vocibus</span> <span class='ocrx_word' id='word_1_117' title='bbox 701 1719 953 1767; x_wconf 90' lang='lat' dir='ltr'>horrendis,</span> <span class='ocrx_word' id='word_1_118' title='bbox 975 1719 1144 1766; x_wconf 90' lang='lat' dir='ltr'>desine,</span> <span class='ocrx_word' id='word_1_119' title='bbox 1166 1732 1318 1766; x_wconf 91' lang='lat' dir='ltr'>corue,</span> <span class='ocrx_word' id='word_1_120' title='bbox 1340 1731 1513 1772; x_wconf 85' lang='lat' dir='ltr'>precor.</span> 
     </span>
     <span class='ocr_line' id='line_1_21' title="bbox 418 1783 1621 1839; baseline -0.002 -13"><span class='ocrx_word' id='word_1_121' title='bbox 418 1786 594 1826; x_wconf 90' lang='lat' dir='ltr'>Fronde</span> <span class='ocrx_word' id='word_1_122' title='bbox 616 1785 699 1825; x_wconf 93' lang='lat' dir='ltr'>sub</span> <span class='ocrx_word' id='word_1_123' title='bbox 719 1785 801 1825; x_wconf 91' lang='lat' dir='ltr'>hac</span> <span class='ocrx_word' id='word_1_124' title='bbox 821 1785 944 1825; x_wconf 91' lang='lat' dir='ltr'>diros</span> <span class='ocrx_word' id='word_1_125' title='bbox 964 1798 1051 1839; x_wconf 91' lang='lat' dir='ltr'>ego</span> <span class='ocrx_word' id='word_1_126' title='bbox 1073 1784 1197 1824; x_wconf 89' lang='lat' dir='ltr'>humi</span> <span class='ocrx_word' id='word_1_127' title='bbox 1220 1784 1421 1839; x_wconf 88' lang='lat' dir='ltr'>proiecta</span> <span class='ocrx_word' id='word_1_128' title='bbox 1440 1783 1621 1823; x_wconf 92' lang='lat' dir='ltr'>dolores</span> 
     </span>
     <span class='ocr_line' id='line_1_22' title="bbox 486 1851 1380 1908; baseline -0.002 -15"><span class='ocrx_word' id='word_1_129' title='bbox 486 1852 670 1894; x_wconf 91' lang='lat' dir='ltr'>Perdius</span> <span class='ocrx_word' id='word_1_130' title='bbox 691 1861 737 1893; x_wconf 93' lang='lat' dir='ltr'>et</span> <span class='ocrx_word' id='word_1_131' title='bbox 757 1866 931 1908; x_wconf 89' lang='lat' dir='ltr'>pernox</span> <span class='ocrx_word' id='word_1_132' title='bbox 951 1851 1160 1907; x_wconf 91' lang='lat' dir='ltr'>languida</span> <span class='ocrx_word' id='word_1_133' title='bbox 1179 1851 1380 1892; x_wconf 91' lang='lat' dir='ltr'>sustinui.</span> 
     </span>
     <span class='ocr_line' id='line_1_23' title="bbox 418 1918 1602 1974; baseline -0.003 -13"><span class='ocrx_word' id='word_1_134' title='bbox 418 1921 617 1961; x_wconf 90' lang='lat' dir='ltr'>Stamina</span> <span class='ocrx_word' id='word_1_135' title='bbox 636 1934 752 1974; x_wconf 92' lang='lat' dir='ltr'>quae</span> <span class='ocrx_word' id='word_1_136' title='bbox 774 1920 900 1960; x_wconf 89' lang='lat' dir='ltr'>neuit</span> <span class='ocrx_word' id='word_1_137' title='bbox 919 1919 1137 1967; x_wconf 75' lang='lat' dir='ltr'>lachesis,</span> <span class='ocrx_word' id='word_1_138' title='bbox 1158 1918 1439 1972; x_wconf 89' lang='lat' dir='ltr'>disrumpere</span> <span class='ocrx_word' id='word_1_139' title='bbox 1461 1926 1602 1958; x_wconf 90' lang='lat' dir='ltr'>tentat</span> 
     </span>
     <span class='ocr_line' id='line_1_24' title="bbox 484 1983 1826 2040; baseline -0.002 -14"><span class='ocrx_word' id='word_1_140' title='bbox 484 1987 684 2040; x_wconf 91' lang='lat' dir='ltr'>Atropos</span> <span class='ocrx_word' id='word_1_141' title='bbox 705 1994 751 2025; x_wconf 92' lang='lat' dir='ltr'>et</span> <span class='ocrx_word' id='word_1_142' title='bbox 771 1994 966 2025; x_wconf 90' lang='lat' dir='ltr'>mortem</span> <span class='ocrx_word' id='word_1_143' title='bbox 986 1986 1075 2025; x_wconf 91' lang='lat' dir='ltr'>iam</span> <span class='ocrx_word' id='word_1_144' title='bbox 1097 1998 1341 2039; x_wconf 90' lang='lat' dir='ltr'>properare</span> <span class='ocrx_word' id='word_1_145' title='bbox 1361 1983 1527 2024; x_wconf 91' lang='lat' dir='ltr'>iubet.”</span> <span class='ocrx_word' id='word_1_146' title='bbox 1769 1983 1826 2024; x_wconf 82' lang='lat'>20</span> 
     </span>
     <span class='ocr_line' id='line_1_25' title="bbox 419 2051 1523 2105; baseline -0.003 -13"><span class='ocrx_word' id='word_1_147' title='bbox 419 2053 545 2092; x_wconf 90' lang='lat' dir='ltr'>Haec</span> <span class='ocrx_word' id='word_1_148' title='bbox 565 2052 640 2091; x_wconf 93' lang='lat' dir='ltr'>ubi</span> <span class='ocrx_word' id='word_1_149' title='bbox 662 2053 723 2091; x_wconf 91' lang='lat' dir='ltr'>ait</span> <span class='ocrx_word' id='word_1_150' title='bbox 742 2051 915 2105; x_wconf 92' lang='lat' dir='ltr'>uulpes,</span> <span class='ocrx_word' id='word_1_151' title='bbox 937 2051 1165 2090; x_wconf 91' lang='lat' dir='ltr'>obmutuit</span> <span class='ocrx_word' id='word_1_152' title='bbox 1184 2059 1230 2090; x_wconf 93' lang='lat' dir='ltr'>et</span> <span class='ocrx_word' id='word_1_153' title='bbox 1249 2058 1383 2104; x_wconf 90' lang='lat' dir='ltr'>caput</span> <span class='ocrx_word' id='word_1_154' title='bbox 1402 2058 1523 2089; x_wconf 91' lang='lat' dir='ltr'>atrae</span> 
     </span>
     <span class='ocr_line' id='line_1_26' title="bbox 486 2116 1374 2166; baseline -0.002 -8"><span class='ocrx_word' id='word_1_155' title='bbox 486 2118 608 2159; x_wconf 91' lang='lat' dir='ltr'>Illisit</span> <span class='ocrx_word' id='word_1_156' title='bbox 628 2126 787 2166; x_wconf 90' lang='lat' dir='ltr'>terrae,</span> <span class='ocrx_word' id='word_1_157' title='bbox 809 2131 856 2158; x_wconf 92' lang='lat' dir='ltr'>se</span> <span class='ocrx_word' id='word_1_158' title='bbox 876 2118 1130 2158; x_wconf 87' lang='lat' dir='ltr'>exanimem</span> <span class='ocrx_word' id='word_1_159' title='bbox 1151 2116 1374 2157; x_wconf 91' lang='lat' dir='ltr'>simulans.</span> 
     </span>
     <span class='ocr_line' id='line_1_27' title="bbox 421 2181 1825 2240; baseline -0.003 -15"><span class='ocrx_word' id='word_1_160' title='bbox 421 2184 575 2240; x_wconf 84' lang='lat' dir='ltr'>“Quid</span> <span class='ocrx_word' id='word_1_161' title='bbox 596 2184 698 2225; x_wconf 85' lang='lat' dir='ltr'>fles?</span> <span class='ocrx_word' id='word_1_162' title='bbox 718 2183 844 2239; x_wconf 84' lang='lat' dir='ltr'>Quid</span> <span class='ocrx_word' id='word_1_163' title='bbox 863 2184 1086 2239; x_wconf 86' lang='lat' dir='ltr'>quereris?</span> <span class='ocrx_word' id='word_1_164' title='bbox 1106 2183 1315 2224; x_wconf 89' lang='lat' dir='ltr'>Lacrimis</span> <span class='ocrx_word' id='word_1_165' title='bbox 1334 2182 1444 2238; x_wconf 90' lang='lat' dir='ltr'>quid</span> <span class='ocrx_word' id='word_1_166' title='bbox 1465 2182 1633 2237; x_wconf 90' lang='lat' dir='ltr'>rumpis</span> <span class='ocrx_word' id='word_1_167' title='bbox 1653 2181 1825 2222; x_wconf 88' lang='lat' dir='ltr'>obortis</span> 
     </span>
     <span class='ocr_line' id='line_1_28' title="bbox 488 2250 1430 2307; baseline -0.004 -13"><span class='ocrx_word' id='word_1_168' title='bbox 488 2253 698 2294; x_wconf 89' lang='lat' dir='ltr'>Lumina?</span> <span class='ocrx_word' id='word_1_169' title='bbox 719 2253 799 2293; x_wconf 92' lang='lat' dir='ltr'>Dic</span> <span class='ocrx_word' id='word_1_170' title='bbox 819 2251 1021 2307; x_wconf 89' lang='lat' dir='ltr'>uulpes,”</span> <span class='ocrx_word' id='word_1_171' title='bbox 1043 2250 1229 2292; x_wconf 92' lang='lat' dir='ltr'>decolor</span> <span class='ocrx_word' id='word_1_172' title='bbox 1248 2250 1337 2291; x_wconf 92' lang='lat' dir='ltr'>ales</span> <span class='ocrx_word' id='word_1_173' title='bbox 1357 2251 1430 2299; x_wconf 91' lang='lat' dir='ltr'>ait,</span> 
     </span>
     <span class='ocr_line' id='line_1_29' title="bbox 421 2317 1613 2373; baseline -0.003 -12"><span class='ocrx_word' id='word_1_174' title='bbox 421 2321 583 2361; x_wconf 88' lang='lat' dir='ltr'>“Estne</span> <span class='ocrx_word' id='word_1_175' title='bbox 605 2321 746 2361; x_wconf 89' lang='lat' dir='ltr'>fames</span> <span class='ocrx_word' id='word_1_176' title='bbox 766 2319 839 2360; x_wconf 93' lang='lat' dir='ltr'>uel</span> <span class='ocrx_word' id='word_1_177' title='bbox 859 2319 956 2360; x_wconf 91' lang='lat' dir='ltr'>dira</span> <span class='ocrx_word' id='word_1_178' title='bbox 976 2319 1070 2359; x_wconf 92' lang='lat' dir='ltr'>lues</span> <span class='ocrx_word' id='word_1_179' title='bbox 1091 2327 1167 2359; x_wconf 91' lang='lat' dir='ltr'>aut</span> <span class='ocrx_word' id='word_1_180' title='bbox 1186 2319 1407 2373; x_wconf 92' lang='lat' dir='ltr'>quispiam</span> <span class='ocrx_word' id='word_1_181' title='bbox 1428 2317 1613 2358; x_wconf 91' lang='lat' dir='ltr'>acerbus</span> 
     </span>
     <span class='ocr_line' id='line_1_30' title="bbox 487 2384 1509 2443; baseline -0.004 -14"><span class='ocrx_word' id='word_1_182' title='bbox 487 2388 675 2429; x_wconf 91' lang='lat' dir='ltr'>Morbus</span> <span class='ocrx_word' id='word_1_183' title='bbox 696 2388 771 2443; x_wconf 93' lang='lat' dir='ltr'>qui</span> <span class='ocrx_word' id='word_1_184' title='bbox 793 2387 986 2442; x_wconf 88' lang='lat' dir='ltr'>exagitat</span> <span class='ocrx_word' id='word_1_185' title='bbox 1006 2387 1071 2427; x_wconf 88' lang='lat' dir='ltr'>te?</span> <span class='ocrx_word' id='word_1_186' title='bbox 1091 2386 1201 2427; x_wconf 88' lang='lat' dir='ltr'>Mihi</span> <span class='ocrx_word' id='word_1_187' title='bbox 1225 2387 1331 2434; x_wconf 90' lang='lat' dir='ltr'>fare,</span> <span class='ocrx_word' id='word_1_188' title='bbox 1353 2384 1509 2440; x_wconf 87' lang='lat' dir='ltr'>rogo.&#39;&#39;</span> 
     </span>
     <span class='ocr_line' id='line_1_31' title="bbox 422 2452 1460 2504; baseline -0.003 -8"><span class='ocrx_word' id='word_1_189' title='bbox 422 2456 494 2496; x_wconf 90' lang='lat' dir='ltr'>“O</span> <span class='ocrx_word' id='word_1_190' title='bbox 516 2470 668 2504; x_wconf 87' lang='lat' dir='ltr'>corue,</span> <span class='ocrx_word' id='word_1_191' title='bbox 690 2455 837 2495; x_wconf 90' lang='lat' dir='ltr'>esurie</span> <span class='ocrx_word' id='word_1_192' title='bbox 857 2455 891 2495; x_wconf 92' lang='lat' dir='ltr'>si</span> <span class='ocrx_word' id='word_1_193' title='bbox 914 2469 987 2495; x_wconf 94' lang='lat' dir='ltr'>me</span> <span class='ocrx_word' id='word_1_194' title='bbox 1009 2467 1282 2494; x_wconf 90' lang='lat' dir='ltr'>marcescere</span> <span class='ocrx_word' id='word_1_195' title='bbox 1303 2452 1460 2502; x_wconf 91' lang='lat' dir='ltr'>credis,</span> 
     </span>
     <span class='ocr_line' id='line_1_32' title="bbox 488 2521 1379 2577; baseline -0.003 -13"><span class='ocrx_word' id='word_1_196' title='bbox 488 2523 662 2564; x_wconf 90' lang='lat' dir='ltr'>Falleris</span> <span class='ocrx_word' id='word_1_197' title='bbox 683 2521 915 2577; x_wconf 89' lang='lat' dir='ltr'>augurio,”</span> <span class='ocrx_word' id='word_1_198' title='bbox 938 2521 1127 2562; x_wconf 91' lang='lat' dir='ltr'>subdola</span> <span class='ocrx_word' id='word_1_199' title='bbox 1145 2521 1287 2561; x_wconf 90' lang='lat' dir='ltr'>bestia</span> <span class='ocrx_word' id='word_1_200' title='bbox 1306 2521 1379 2569; x_wconf 80' lang='lat' dir='ltr'>ait,</span> 
     </span>
     <span class='ocr_line' id='line_1_33' title="bbox 422 2587 1697 2644; baseline -0.004 -13"><span class='ocrx_word' id='word_1_201' title='bbox 422 2590 698 2631; x_wconf 88' lang='lat' dir='ltr'>“Contestor</span> <span class='ocrx_word' id='word_1_202' title='bbox 717 2603 905 2644; x_wconf 89' lang='lat' dir='ltr'>superos</span> <span class='ocrx_word' id='word_1_203' title='bbox 926 2588 1051 2643; x_wconf 93' lang='lat' dir='ltr'>quod</span> <span class='ocrx_word' id='word_1_204' title='bbox 1073 2602 1145 2628; x_wconf 93' lang='lat' dir='ltr'>me</span> <span class='ocrx_word' id='word_1_205' title='bbox 1166 2589 1269 2643; x_wconf 89' lang='lat' dir='ltr'>igne</span> <span class='ocrx_word' id='word_1_206' title='bbox 1289 2587 1482 2642; x_wconf 91' lang='lat' dir='ltr'>geluque</span> <span class='ocrx_word' id='word_1_207' title='bbox 1503 2587 1697 2627; x_wconf 91' lang='lat' dir='ltr'>uicissim</span> 
     </span>
     <span class='ocr_line' id='line_1_34' title="bbox 422 2653 1828 2710; baseline -0.004 -13"><span class='ocrx_word' id='word_1_208' title='bbox 422 2657 570 2697; x_wconf 83' lang='lat' dir='ltr'>Febn&#39;s</span> <span class='ocrx_word' id='word_1_209' title='bbox 591 2656 751 2697; x_wconf 90' lang='lat' dir='ltr'>anhela</span> <span class='ocrx_word' id='word_1_210' title='bbox 770 2656 926 2710; x_wconf 91' lang='lat' dir='ltr'>coquit</span> <span class='ocrx_word' id='word_1_211' title='bbox 946 2663 1078 2695; x_wconf 92' lang='lat' dir='ltr'>nocte</span> <span class='ocrx_word' id='word_1_212' title='bbox 1099 2655 1264 2709; x_wconf 92' lang='lat' dir='ltr'>dieque</span> <span class='ocrx_word' id='word_1_213' title='bbox 1286 2655 1450 2694; x_wconf 90' lang='lat' dir='ltr'>furens.</span> <span class='ocrx_word' id='word_1_214' title='bbox 1771 2653 1828 2692; x_wconf 80' lang='lat'>30</span> 
     </span>
     <span class='ocr_line' id='line_1_35' title="bbox 422 2719 1680 2777; baseline -0.004 -14"><span class='ocrx_word' id='word_1_215' title='bbox 422 2724 542 2763; x_wconf 91' lang='lat' dir='ltr'>Dum</span> <span class='ocrx_word' id='word_1_216' title='bbox 562 2724 695 2777; x_wconf 90' lang='lat' dir='ltr'>uigor</span> <span class='ocrx_word' id='word_1_217' title='bbox 714 2723 862 2762; x_wconf 89' lang='lat' dir='ltr'>omnis</span> <span class='ocrx_word' id='word_1_218' title='bbox 883 2721 987 2769; x_wconf 87' lang='lat' dir='ltr'>abit,</span> <span class='ocrx_word' id='word_1_219' title='bbox 1008 2721 1118 2761; x_wconf 92' lang='lat' dir='ltr'>dum</span> <span class='ocrx_word' id='word_1_220' title='bbox 1140 2721 1400 2774; x_wconf 90' lang='lat' dir='ltr'>languentes</span> <span class='ocrx_word' id='word_1_221' title='bbox 1420 2719 1541 2759; x_wconf 92' lang='lat' dir='ltr'>calor</span> <span class='ocrx_word' id='word_1_222' title='bbox 1561 2728 1680 2759; x_wconf 92' lang='lat' dir='ltr'>artus</span> 
     </span>
     <span class='ocr_line' id='line_1_36' title="bbox 490 2786 1505 2842; baseline -0.004 -13"><span class='ocrx_word' id='word_1_223' title='bbox 490 2789 666 2829; x_wconf 87' lang='lat' dir='ltr'>Deserit</span> <span class='ocrx_word' id='word_1_224' title='bbox 685 2797 731 2828; x_wconf 93' lang='lat' dir='ltr'>et</span> <span class='ocrx_word' id='word_1_225' title='bbox 752 2789 888 2842; x_wconf 88' lang='lat' dir='ltr'>frigus</span> <span class='ocrx_word' id='word_1_226' title='bbox 911 2787 1114 2827; x_wconf 91' lang='lat' dir='ltr'>membra</span> <span class='ocrx_word' id='word_1_227' title='bbox 1134 2795 1331 2826; x_wconf 89' lang='lat' dir='ltr'>tremore</span> <span class='ocrx_word' id='word_1_228' title='bbox 1351 2786 1505 2840; x_wconf 91' lang='lat' dir='ltr'>quatit,</span> 
     </span>
     <span class='ocr_line' id='line_1_37' title="bbox 422 2852 1557 2910; baseline -0.004 -14"><span class='ocrx_word' id='word_1_229' title='bbox 422 2856 498 2896; x_wconf 91' lang='lat' dir='ltr'>Me</span> <span class='ocrx_word' id='word_1_230' title='bbox 519 2863 631 2910; x_wconf 92' lang='lat' dir='ltr'>puto</span> <span class='ocrx_word' id='word_1_231' title='bbox 653 2854 975 2909; x_wconf 91' lang='lat' dir='ltr'>Hyperboreae</span> <span class='ocrx_word' id='word_1_232' title='bbox 995 2853 1129 2893; x_wconf 91' lang='lat' dir='ltr'>stellis</span> <span class='ocrx_word' id='word_1_233' title='bbox 1148 2852 1401 2907; x_wconf 89' lang='lat' dir='ltr'>glacialibus</span> <span class='ocrx_word' id='word_1_234' title='bbox 1419 2852 1557 2892; x_wconf 88' lang='lat' dir='ltr'>Vrsae</span> 
     </span>
     <span class='ocr_line' id='line_1_38' title="bbox 489 2918 1543 2977; baseline -0.004 -14"><span class='ocrx_word' id='word_1_235' title='bbox 489 2922 778 2977; x_wconf 91' lang='lat' dir='ltr'>Suppositam</span> <span class='ocrx_word' id='word_1_236' title='bbox 798 2934 978 2975; x_wconf 92' lang='lat' dir='ltr'>semper</span> <span class='ocrx_word' id='word_1_237' title='bbox 998 2934 1090 2974; x_wconf 94' lang='lat' dir='ltr'>quo</span> <span class='ocrx_word' id='word_1_238' title='bbox 1112 2920 1206 2960; x_wconf 92' lang='lat' dir='ltr'>fera</span> <span class='ocrx_word' id='word_1_239' title='bbox 1226 2920 1368 2960; x_wconf 88' lang='lat' dir='ltr'>saeuit</span> <span class='ocrx_word' id='word_1_240' title='bbox 1387 2918 1543 2967; x_wconf 91' lang='lat' dir='ltr'>hiems,</span> 
     </span>
     <span class='ocr_line' id='line_1_39' title="bbox 421 2986 1501 3044; baseline -0.004 -14"><span class='ocrx_word' id='word_1_241' title='bbox 421 2991 513 3030; x_wconf 90' lang='lat' dir='ltr'>Aut</span> <span class='ocrx_word' id='word_1_242' title='bbox 532 2989 689 3044; x_wconf 91' lang='lat' dir='ltr'>gelidis</span> <span class='ocrx_word' id='word_1_243' title='bbox 711 2987 888 3029; x_wconf 90' lang='lat' dir='ltr'>niuibus</span> <span class='ocrx_word' id='word_1_244' title='bbox 909 3001 1018 3042; x_wconf 91' lang='lat' dir='ltr'>quas</span> <span class='ocrx_word' id='word_1_245' title='bbox 1039 2986 1218 3027; x_wconf 91' lang='lat' dir='ltr'>nubifer</span> <span class='ocrx_word' id='word_1_246' title='bbox 1236 2987 1501 3041; x_wconf 89' lang='lat' dir='ltr'>Apenninus</span> 
     </span>
     <span class='ocr_line' id='line_1_40' title="bbox 490 3053 1397 3109; baseline -0.004 -13"><span class='ocrx_word' id='word_1_247' title='bbox 490 3057 660 3104; x_wconf 88' lang='lat' dir='ltr'>Seruat,</span> <span class='ocrx_word' id='word_1_248' title='bbox 682 3056 807 3095; x_wconf 90' lang='lat' dir='ltr'>cuius</span> <span class='ocrx_word' id='word_1_249' title='bbox 827 3068 942 3109; x_wconf 89' lang='lat' dir='ltr'>apex</span> <span class='ocrx_word' id='word_1_250' title='bbox 961 3054 1107 3093; x_wconf 91' lang='lat' dir='ltr'>sidera</span> <span class='ocrx_word' id='word_1_251' title='bbox 1126 3053 1241 3093; x_wconf 90' lang='lat' dir='ltr'>clara</span> <span class='ocrx_word' id='word_1_252' title='bbox 1262 3062 1397 3093; x_wconf 90' lang='lat' dir='ltr'>tenet.</span> 
     </span>
    </p>
   </div>
  </div>
 </body>
</html>
